2334 3917
253 340 321 420 196
396 332 434 401 P.
464 335 618 401 ovrmr
641 333 834 403 Nasours

248 454 300 509 Nec
312 455 372 505 mihi
383 456 507 503 materiam
520 452 631 503 bellatrix
641 454 720 508 Roma
730 457 849 521 negabam

280 532 310 580 Et
321 534 371 601 pius
383 530 432 591 est,
445 533 526 597 patriae
537 530 598 580 fabia
608 532 710 593 referre,
722 532 800 582 labor.
825 526 830 531 ⁸

246 607 374 673 Denique,
390 606 446 657 crim
453 610 545 665 meritis
554 609 691 675 impleveris
701 612 802 671 omnia,
814 609 915 672 Cesar,

277 685 332 733 Pars
343 686 403 734 mihi
414 683 444 736 de
455 686 538 735 multis
549 703 596 737 utra
606 682 713 737 canenda
729 688 784 737 fuit.

198 760 328 831 3²5thue
340 765 437 813 trahunt
450 764 534 814 oculos
546 762 664 815 radiantia
676 764 768 820 lumina
784 765 847 816 Solis
854 799 864 829 ,

276 839 413 927 Traxilsenf
422 846 529 899 animum
539 844 572 891 sic
581 856 622 891 tua
631 843 692 892 fasta
702 860 793 893 meum.

243 919 338 989 Argum
347 919 470 976 immerltb
479 938 485 968 a
495 922 572 969 tenuis
584 921 644 969 mihi
653 938 751 986 campus
761 937 839 972 aratur
848 940 855 972 a

277 996 342 1050 illud
360 1012 410 1047 erat
426 1014 518 1062 magna·
529 997 659 1053 fertilitatis
671 1015 739 1065 opus.

243 1076 303 1127 Non
313 1074 369 1129 ideo
379 1073 451 1125 debet
459 1074 545 1140 pelago
561 1077 583 1125 se
594 1074 689 1131 credere
699 1110 707 1135 ,
719 1079 738 1125 si
749 1092 797 1143 qua

196 1172 243 1220 330
275 1152 355 1202 Audet
367 1156 393 1201 in
409 1155 494 1217 exiguo
505 1150 586 1208 ludere
595 1155 682 1215 cymba
692 1153 755 1207 lacu.

242 1233 351 1282 forsitan
360 1235 384 1289 ὃς
393 1219 517 1284 dubitem,
528 1233 632 1287 numeris
641 1229 769 1284 levioribus
782 1246 851 1298 aptus

275 1312 326 1359 Sim
341 1312 415 1364 satis,
432 1310 456 1357 in
472 1324 556 1381 parvos
568 1305 732 1375 sufficiamque
747 1307 843 1366 modos.

242 1388 275 1439 At
291 1390 310 1437 ai
322 1404 360 1436 me
371 1388 451 1453 jubeas
461 1384 568 1435 domitos
578 1386 644 1436 lovis
656 1388 710 1452 igne
722 1388 839 1453 Gigantas

274 1466 361 1515 Dicere
374 1484 382 1524 3
397 1480 525 1515 tonantem
536 1457 673 1513 debilitabit
682 1482 752 1517 ouut.

129 1568 132 1575 ·
197 1544 332 1600 335Divitis
340 1546 431 1609 ingenii
442 1542 473 1593 est
485 1545 602 1592 immania
612 1541 711 1594 cesaris
723 1546 774 1599 ada
828 1544 831 1550 '

276 1614 406 1681 Condere,
419 1620 518 1676 materii
528 1635 557 1679 ne
569 1622 689 1688 superetur
700 1638 768 1686 opus.

243 1702 275 1752 Et
284 1717 365 1752 tamen
376 1702 443 1757 auius
454 1716 517 1755 eram
528 1718 534 1747 :
547 1697 588 1753 sed
598 1696 726 1751 detreiiare
737 1698 851 1762 videbar,

277 1774 397 1845 Quodque
410 1778 489 1834 nefas,
500 1774 590 1833 damno
598 1779 687 1827 viribus
701 1774 747 1828 else
758 1780 812 1830 tuis.

243 1856 282 1908 Ad
300 1859 352 1914 leve
363 1859 439 1907 rursus
451 1872 525 1921 opus,
543 1856 658 1920 juvenilia
668 1859 789 1913 carmina,
802 1859 875 1918 veni3

194 1940 244 1991 340
277 1936 308 1985 Et
322 1934 382 1984 falso
395 1937 462 1989 movi
475 1936 554 2003 pedus
565 1950 647 1989 amore
658 1950 749 1985 meum·
845 2001 848 2005 Ι

244 2014 303 2065 Non
314 2011 425 2079 equidem
437 2011 525 2063 vellem
535 2028 540 2059 ε
549 2008 590 2065 sed
601 2028 639 2060 me
651 2028 704 2066 mea
715 2011 764 2077 fata
775 2013 919 2077 trahebant,

192 2099 194 2102 ’
276 2092 351 2157 Inque
362 2106 425 2143 meas
437 2104 517 2155 poerras
528 2090 663 2153 ingeniosus
675 2106 755 2152 eram„

242 2171 290 2221 Hei
301 2168 375 2219 mihi!
392 2166 458 2234 quod
467 2164 557 2224 didici:
571 2165 638 2232 quod
650 2184 689 2217 me
703 2165 805 2221 docuere
815 2186 942 2235 parentes,

276 2248 402 2312 Litoraque
413 2244 445 2295 est
457 2244 540 2293 oculos
552 2244 601 2293 ulla
611 2261 705 2304 morata
715 2263 791 2295 meos.

199 2326 303 2392 345Haec
319 2326 362 2375 tibi
373 2341 412 2383 me
423 2324 525 2372 invisum
537 2322 633 2373 lascivia
644 2323 719 2384 fecit,
735 2326 767 2372 ob
775 2326 856 2388 Artes,

279 2404 343 2464 Quas
355 2417 419 2451 ratus
430 2418 454 2450 es
464 2404 551 2451 vetitos
563 2398 690 2455 solicitaffe
702 2416 776 2454 toros.

246 2479 292 2533 Sed
303 2496 379 2546 neque
387 2496 426 2529 me
437 2494 517 2545 nuptae
529 2476 665 2530 didicerunt
672 2480 736 2532 furta
746 2482 858 2553 magistro
869 2504 877 2532 r

279 2550 399 2618 Quodque
413 2568 496 2619 parum
506 2553 593 2611 novit,
609 2568 682 2603 nemo
693 2551 779 2608 docere
792 2558 877 2619 potest.

246 2632 285 2687 Sic
296 2647 340 2695 ego
351 2627 448 2679 delicias
459 2664 466 2690 ,
483 2633 506 2677 δι
524 2628 609 2680 mollia
618 2633 725 2679 carmina
737 2630 799 2695 feci,

200 2728 247 2777 350
280 2710 403 2758 Striuxerit
414 2722 440 2781 ut
450 2724 540 2758 nomen
551 2706 632 2756 fabula
640 2707 708 2759 nulla
718 2725 809 2777 meum..

249 2787 299 2837 Nec
316 2790 441 2857 quisquam
453 2786 486 2835 est
496 2784 555 2835 adeo
566 2782 647 2841 medii
658 2783 688 2834 de
698 2786 767 2851 plebe
777 2791 875 2844 maritus
886 2822 895 2849 ,

281 2862 316 2911 Ut
331 2860 416 2911 dubius
430 2863 491 2911 vitio
502 2864 533 2910 sit
542 2875 609 2926 pater
617 2860 660 2909 ille
669 2877 734 2911 meo.
913 2922 916 2925 ⁴

249 2938 329 2993 Crede
339 2942 399 2995 mihi
411 2956 419 2999 3
430 2956 507 2988 mores
519 2937 606 2987 distant
616 2955 629 2989 a
641 2943 746 2995 carmine
760 2941 846 2995 nostrie

282 3018 338 3068 Vita
347 3014 480 3068 verecunda
490 3016 522 3069 est
528 3051 537 3079 ‚
552 3016 622 3071 Musa
630 3019 726 3084 jocosa,
743 3021 814 3071 mihi.
