<?xml version="1.0" encoding="UTF-8"?>
<!DOCTYPE html PUBLIC "-//W3C//DTD XHTML 1.0 Transitional//EN"
    "http://www.w3.org/TR/xhtml1/DTD/xhtml1-transitional.dtd">
<html xmlns="http://www.w3.org/1999/xhtml" xml:lang="en" lang="en">
 <head>
  <title>
</title>
<meta http-equiv="Content-Type" content="text/html;charset=utf-8" />
  <meta name='ocr-system' content='tesseract 3.04.00' />
  <meta name='ocr-capabilities' content='ocr_page ocr_carea ocr_par ocr_line ocrx_word'/>
</head>
<body>
  <div class='ocr_page' id='page_1' title='image "./povidiinasoniso05ovidgoog_0221.png"; bbox 0 0 2334 3917; ppageno 0'>
   <div class='ocr_carea' id='block_1_1' title="bbox 264 369 875 460">
    <p class='ocr_par' dir='ltr' id='par_1_1' title="bbox 264 369 875 460">
     <span class='ocr_line' id='line_1_1' title="bbox 264 369 875 460; baseline -0.003 -2"><span class='ocrx_word' id='word_1_1' title='bbox 264 390 540 460; x_wconf 71' lang='lat' dir='ltr'>Turturum</span> <span class='ocrx_word' id='word_1_2' title='bbox 561 369 759 456; x_wconf 65' lang='lat' dir='ltr'>Liuill.</span> <span class='ocrx_word' id='word_1_3' title='bbox 813 411 875 456; x_wconf 66' lang='grc' dir='ltr'>ιιι</span> 
     </span>
    </p>
   </div>
   <div class='ocr_carea' id='block_1_2' title="bbox 167 509 934 888">
    <p class='ocr_par' dir='ltr' id='par_1_2' title="bbox 167 509 934 888">
     <span class='ocr_line' id='line_1_2' title="bbox 200 509 934 577; baseline -0.004 -16"><span class='ocrx_word' id='word_1_4' title='bbox 200 509 309 577; x_wconf 80' lang='lat' dir='ltr'>Cepiffet</span> <span class='ocrx_word' id='word_1_5' title='bbox 321 510 605 577; x_wconf 77' lang='lat' dir='ltr'>genitorsil’haiithonta</span> <span class='ocrx_word' id='word_1_6' title='bbox 613 509 721 573; x_wconf 82' lang='lat' dir='ltr'>Merops.</span> <span class='ocrx_word' id='word_1_7' title='bbox 904 525 934 570; x_wconf 79' lang='lat'>30</span> 
     </span>
     <span class='ocr_line' id='line_1_3' title="bbox 167 586 802 657; baseline -0.013 -15"><span class='ocrx_word' id='word_1_8' title='bbox 167 593 209 642; x_wconf 93' lang='lat' dir='ltr'>Tu</span> <span class='ocrx_word' id='word_1_9' title='bbox 227 607 325 657; x_wconf 89' lang='lat' dir='ltr'>quoque</span> <span class='ocrx_word' id='word_1_10' title='bbox 339 587 445 640; x_wconf 86' lang='lat' dir='ltr'>formida</span> <span class='ocrx_word' id='word_1_11' title='bbox 455 587 558 638; x_wconf 82' lang='lat' dir='ltr'>uimirim</span> <span class='ocrx_word' id='word_1_12' title='bbox 570 586 682 636; x_wconf 84' lang='lat' dir='ltr'>sublimia</span> <span class='ocrx_word' id='word_1_13' title='bbox 693 588 802 650; x_wconf 76' lang='lat' dir='ltr'>semper,</span> 
     </span>
     <span class='ocr_line' id='line_1_4' title="bbox 202 663 722 734; baseline -0.015 -16"><span class='ocrx_word' id='word_1_14' title='bbox 202 671 369 734; x_wconf 81' lang='lat' dir='ltr'>Propositique</span> <span class='ocrx_word' id='word_1_15' title='bbox 379 683 474 715; x_wconf 85' lang='lat' dir='ltr'>memor</span> <span class='ocrx_word' id='word_1_16' title='bbox 484 667 599 714; x_wconf 76' lang='lat' dir='ltr'>contrahe</span> <span class='ocrx_word' id='word_1_17' title='bbox 612 663 666 714; x_wconf 86' lang='lat' dir='ltr'>vela</span> <span class='ocrx_word' id='word_1_18' title='bbox 679 667 722 711; x_wconf 91' lang='lat' dir='ltr'>tui.</span> 
     </span>
     <span class='ocr_line' id='line_1_5' title="bbox 168 740 754 811; baseline -0.014 -15"><span class='ocrx_word' id='word_1_19' title='bbox 168 747 234 796; x_wconf 88' lang='lat' dir='ltr'>Nam</span> <span class='ocrx_word' id='word_1_20' title='bbox 245 744 306 811; x_wconf 86' lang='lat' dir='ltr'>pede</span> <span class='ocrx_word' id='word_1_21' title='bbox 314 743 435 794; x_wconf 85' lang='lat' dir='ltr'>inoffenso</span> <span class='ocrx_word' id='word_1_22' title='bbox 445 745 548 808; x_wconf 82' lang='lat' dir='ltr'>spatium</span> <span class='ocrx_word' id='word_1_23' title='bbox 563 740 687 791; x_wconf 88' lang='lat' dir='ltr'>decurrere</span> <span class='ocrx_word' id='word_1_24' title='bbox 698 743 754 790; x_wconf 71' lang='lat' dir='ltr'>vita</span> 
     </span>
     <span class='ocr_line' id='line_1_6' title="bbox 201 818 679 888; baseline -0.013 -16"><span class='ocrx_word' id='word_1_25' title='bbox 201 823 296 888; x_wconf 85' lang='lat' dir='ltr'>Dignus</span> <span class='ocrx_word' id='word_1_26' title='bbox 313 840 338 872; x_wconf 90' lang='lat' dir='ltr'>es</span> <span class='ocrx_word' id='word_1_27' title='bbox 349 842 356 871; x_wconf 75' lang='lat' dir='ltr'>e</span> <span class='ocrx_word' id='word_1_28' title='bbox 367 827 393 872; x_wconf 80' lang='lat' dir='ltr'>dc</span> <span class='ocrx_word' id='word_1_29' title='bbox 404 821 456 871; x_wconf 82' lang='lat' dir='ltr'>fato</span> <span class='ocrx_word' id='word_1_30' title='bbox 469 818 609 870; x_wconf 81' lang='lat' dir='ltr'>candidiore</span> <span class='ocrx_word' id='word_1_31' title='bbox 622 819 679 867; x_wconf 88' lang='lat' dir='ltr'>frui.</span> 
     </span>
    </p>
   </div>
   <div class='ocr_carea' id='block_1_3' title="bbox 71 895 929 965">
    <p class='ocr_par' dir='ltr' id='par_1_3' title="bbox 71 895 929 965">
     <span class='ocr_line' id='line_1_7' title="bbox 71 895 929 965; baseline -0.015 -13"><span class='ocrx_word' id='word_1_32' title='bbox 71 956 72 963; x_wconf 11' lang='grc' dir='ltr'>χ</span> <span class='ocrx_word' id='word_1_33' title='bbox 167 902 282 965; x_wconf 71' lang='grc' dir='ltr'>Ωιιερτο</span> <span class='ocrx_word' id='word_1_34' title='bbox 297 917 321 951; x_wconf 85' lang='lat' dir='ltr'>te</span> <span class='ocrx_word' id='word_1_35' title='bbox 338 916 365 950; x_wconf 86' lang='lat' dir='ltr'>ut</span> <span class='ocrx_word' id='word_1_36' title='bbox 378 916 498 958; x_wconf 82' lang='lat' dir='ltr'>voveam,</span> <span class='ocrx_word' id='word_1_37' title='bbox 517 901 571 946; x_wconf 90' lang='lat' dir='ltr'>miti</span> <span class='ocrx_word' id='word_1_38' title='bbox 587 900 675 962; x_wconf 82' lang='lat' dir='ltr'>pietate</span> <span class='ocrx_word' id='word_1_39' title='bbox 689 895 802 956; x_wconf 86' lang='lat' dir='ltr'>mereris,</span> <span class='ocrx_word' id='word_1_40' title='bbox 905 913 929 958; x_wconf 80' lang='lat'>35</span> 
     </span>
    </p>
   </div>
   <div class='ocr_carea' id='block_1_4' title="bbox 119 971 965 3156">
    <p class='ocr_par' dir='ltr' id='par_1_4' title="bbox 119 971 965 3156">
     <span class='ocr_line' id='line_1_8' title="bbox 201 971 716 1044; baseline -0.017 -15"><span class='ocrx_word' id='word_1_41' title='bbox 201 978 346 1044; x_wconf 68' lang='lat' dir='ltr'>Hermaqle</span> <span class='ocrx_word' id='word_1_42' title='bbox 364 979 425 1026; x_wconf 85' lang='lat' dir='ltr'>mihi</span> <span class='ocrx_word' id='word_1_43' title='bbox 435 991 528 1040; x_wconf 85' lang='lat' dir='ltr'>tempus</span> <span class='ocrx_word' id='word_1_44' title='bbox 538 977 564 1023; x_wconf 90' lang='lat' dir='ltr'>in</span> <span class='ocrx_word' id='word_1_45' title='bbox 573 990 646 1023; x_wconf 90' lang='lat' dir='ltr'>omne</span> <span class='ocrx_word' id='word_1_46' title='bbox 658 971 716 1022; x_wconf 85' lang='lat' dir='ltr'>fide.</span> 
     </span>
     <span class='ocr_line' id='line_1_9' title="bbox 165 1053 741 1124; baseline -0.016 -14"><span class='ocrx_word' id='word_1_47' title='bbox 165 1056 227 1110; x_wconf 84' lang='lat' dir='ltr'>Vidi</span> <span class='ocrx_word' id='word_1_48' title='bbox 245 1075 290 1124; x_wconf 91' lang='lat' dir='ltr'>ego</span> <span class='ocrx_word' id='word_1_49' title='bbox 302 1073 324 1107; x_wconf 90' lang='lat' dir='ltr'>te</span> <span class='ocrx_word' id='word_1_50' title='bbox 336 1055 378 1107; x_wconf 89' lang='lat' dir='ltr'>tali</span> <span class='ocrx_word' id='word_1_51' title='bbox 387 1055 457 1105; x_wconf 88' lang='lat' dir='ltr'>vultu</span> <span class='ocrx_word' id='word_1_52' title='bbox 465 1071 519 1104; x_wconf 85' lang='lat' dir='ltr'>mea</span> <span class='ocrx_word' id='word_1_53' title='bbox 528 1053 578 1103; x_wconf 84' lang='lat' dir='ltr'>fata</span> <span class='ocrx_word' id='word_1_54' title='bbox 587 1067 741 1118; x_wconf 81' lang='lat' dir='ltr'>gementem,</span> 
     </span>
     <span class='ocr_line' id='line_1_10' title="bbox 201 1127 683 1197; baseline -0.012 -12"><span class='ocrx_word' id='word_1_55' title='bbox 201 1135 305 1197; x_wconf 86' lang='lat' dir='ltr'>Qualem</span> <span class='ocrx_word' id='word_1_56' title='bbox 319 1132 433 1184; x_wconf 83' lang='lat' dir='ltr'>credibile</span> <span class='ocrx_word' id='word_1_57' title='bbox 443 1133 476 1181; x_wconf 91' lang='lat' dir='ltr'>est</span> <span class='ocrx_word' id='word_1_58' title='bbox 485 1148 527 1181; x_wconf 90' lang='lat' dir='ltr'>ore</span> <span class='ocrx_word' id='word_1_59' title='bbox 538 1127 607 1180; x_wconf 82' lang='lat' dir='ltr'>fuiffe</span> <span class='ocrx_word' id='word_1_60' title='bbox 619 1147 683 1180; x_wconf 85' lang='lat' dir='ltr'>meo.</span> 
     </span>
     <span class='ocr_line' id='line_1_11' title="bbox 166 1205 777 1275; baseline -0.01 -11"><span class='ocrx_word' id='word_1_61' title='bbox 166 1213 256 1264; x_wconf 84' lang='lat' dir='ltr'>Nostra</span> <span class='ocrx_word' id='word_1_62' title='bbox 266 1228 318 1264; x_wconf 80' lang='lat' dir='ltr'>tuas</span> <span class='ocrx_word' id='word_1_63' title='bbox 332 1211 384 1262; x_wconf 85' lang='lat' dir='ltr'>vidi</span> <span class='ocrx_word' id='word_1_64' title='bbox 394 1212 511 1274; x_wconf 79' lang='lat' dir='ltr'>lacrymae</span> <span class='ocrx_word' id='word_1_65' title='bbox 521 1211 590 1275; x_wconf 84' lang='lat' dir='ltr'>super</span> <span class='ocrx_word' id='word_1_66' title='bbox 600 1225 642 1257; x_wconf 91' lang='lat' dir='ltr'>ora</span> <span class='ocrx_word' id='word_1_67' title='bbox 650 1205 760 1258; x_wconf 81' lang='lat' dir='ltr'>cadentes</span> <span class='ocrx_word' id='word_1_68' title='bbox 769 1225 777 1268; x_wconf 82' lang='lat'><em>3</em></span> 
     </span>
     <span class='ocr_line' id='line_1_12' title="bbox 201 1286 932 1356; baseline -0.007 -16"><span class='ocrx_word' id='word_1_69' title='bbox 201 1292 323 1356; x_wconf 80' lang='lat' dir='ltr'>Tempore</span> <span class='ocrx_word' id='word_1_70' title='bbox 333 1305 390 1355; x_wconf 86' lang='lat' dir='ltr'>quas</span> <span class='ocrx_word' id='word_1_71' title='bbox 401 1304 466 1343; x_wconf 83' lang='lat' dir='ltr'>uno,</span> <span class='ocrx_word' id='word_1_72' title='bbox 483 1286 579 1352; x_wconf 85' lang='lat' dir='ltr'>fidaque</span> <span class='ocrx_word' id='word_1_73' title='bbox 590 1287 675 1342; x_wconf 80' lang='lat' dir='ltr'>verba,</span> <span class='ocrx_word' id='word_1_74' title='bbox 687 1288 746 1337; x_wconf 85' lang='lat' dir='ltr'>bibi.</span> <span class='ocrx_word' id='word_1_75' title='bbox 899 1307 932 1351; x_wconf 82' lang='lat'>40</span> 
     </span>
     <span class='ocr_line' id='line_1_13' title="bbox 119 1363 833 1434; baseline -0.003 -15"><span class='ocrx_word' id='word_1_76' title='bbox 119 1366 128 1375; x_wconf 85' lang='lat'><strong><em>‘</em></strong></span> <span class='ocrx_word' id='word_1_77' title='bbox 165 1369 240 1419; x_wconf 87' lang='lat' dir='ltr'>Nune</span> <span class='ocrx_word' id='word_1_78' title='bbox 250 1384 347 1434; x_wconf 87' lang='lat' dir='ltr'>quoqne</span> <span class='ocrx_word' id='word_1_79' title='bbox 357 1369 495 1418; x_wconf 85' lang='lat' dir='ltr'>submotum</span> <span class='ocrx_word' id='word_1_80' title='bbox 504 1363 583 1414; x_wconf 85' lang='lat' dir='ltr'>studio</span> <span class='ocrx_word' id='word_1_81' title='bbox 593 1363 702 1414; x_wconf 84' lang='lat' dir='ltr'>defendit</span> <span class='ocrx_word' id='word_1_82' title='bbox 711 1369 816 1416; x_wconf 86' lang='lat' dir='ltr'>amicum</span> <span class='ocrx_word' id='word_1_83' title='bbox 825 1383 833 1426; x_wconf 79' lang='lat'><em>3</em></span> 
     </span>
     <span class='ocr_line' id='line_1_14' title="bbox 202 1441 745 1510; baseline -0.004 -15"><span class='ocrx_word' id='word_1_84' title='bbox 202 1447 234 1496; x_wconf 88' lang='lat' dir='ltr'>Er</span> <span class='ocrx_word' id='word_1_85' title='bbox 246 1447 328 1506; x_wconf 89' lang='lat' dir='ltr'>mala,</span> <span class='ocrx_word' id='word_1_86' title='bbox 345 1450 386 1495; x_wconf 87' lang='lat' dir='ltr'>vix</span> <span class='ocrx_word' id='word_1_87' title='bbox 400 1445 451 1500; x_wconf 76' lang='lat' dir='ltr'>ulli</span> <span class='ocrx_word' id='word_1_88' title='bbox 464 1458 530 1510; x_wconf 80' lang='lat' dir='ltr'>parte</span> <span class='ocrx_word' id='word_1_89' title='bbox 541 1441 657 1502; x_wconf 82' lang='lat' dir='ltr'>levanda,</span> <span class='ocrx_word' id='word_1_90' title='bbox 672 1443 745 1494; x_wconf 85' lang='lat' dir='ltr'>levas.</span> 
     </span>
     <span class='ocr_line' id='line_1_15' title="bbox 166 1514 768 1588; baseline -0.003 -14"><span class='ocrx_word' id='word_1_91' title='bbox 166 1514 230 1574; x_wconf 85' lang='lat' dir='ltr'>Vive</span> <span class='ocrx_word' id='word_1_92' title='bbox 241 1528 292 1574; x_wconf 84' lang='lat' dir='ltr'>sine</span> <span class='ocrx_word' id='word_1_93' title='bbox 301 1523 409 1583; x_wconf 85' lang='lat' dir='ltr'>invidia,</span> <span class='ocrx_word' id='word_1_94' title='bbox 425 1522 559 1588; x_wconf 81' lang='lat' dir='ltr'>mollesque</span> <span class='ocrx_word' id='word_1_95' title='bbox 566 1521 683 1587; x_wconf 89' lang='lat' dir='ltr'>inglorius</span> <span class='ocrx_word' id='word_1_96' title='bbox 691 1538 768 1574; x_wconf 81' lang='lat' dir='ltr'>annos</span> 
     </span>
     <span class='ocr_line' id='line_1_16' title="bbox 199 1593 674 1667; baseline -0.008 -15"><span class='ocrx_word' id='word_1_97' title='bbox 199 1603 275 1667; x_wconf 82' lang='lat' dir='ltr'>Exige</span> <span class='ocrx_word' id='word_1_98' title='bbox 283 1621 290 1652; x_wconf 74' lang='lat' dir='ltr'><strong><em>z</em></strong></span> <span class='ocrx_word' id='word_1_99' title='bbox 297 1593 415 1653; x_wconf 66' lang='lat' dir='ltr'>amiciciae</span> <span class='ocrx_word' id='word_1_100' title='bbox 423 1606 449 1652; x_wconf 76' lang='lat' dir='ltr'>bc</span> <span class='ocrx_word' id='word_1_101' title='bbox 461 1602 506 1651; x_wconf 89' lang='lat' dir='ltr'>tibi</span> <span class='ocrx_word' id='word_1_102' title='bbox 516 1605 589 1665; x_wconf 86' lang='lat' dir='ltr'>junge</span> <span class='ocrx_word' id='word_1_103' title='bbox 597 1615 674 1665; x_wconf 78' lang='lat' dir='ltr'>pares.</span> 
     </span>
     <span class='ocr_line' id='line_1_17' title="bbox 136 1672 929 1748; baseline -0.003 -16"><span class='ocrx_word' id='word_1_104' title='bbox 136 1672 140 1677; x_wconf 52' lang='grc'><strong>’</strong></span> <span class='ocrx_word' id='word_1_105' title='bbox 165 1681 317 1747; x_wconf 84' lang='lat' dir='ltr'>Nasonisque</span> <span class='ocrx_word' id='word_1_106' title='bbox 327 1684 363 1731; x_wconf 90' lang='lat' dir='ltr'>tui</span> <span class='ocrx_word' id='word_1_107' title='bbox 373 1715 383 1741; x_wconf 92' lang='lat'>‚</span> <span class='ocrx_word' id='word_1_108' title='bbox 394 1679 461 1748; x_wconf 89' lang='lat' dir='ltr'>quod</span> <span class='ocrx_word' id='word_1_109' title='bbox 475 1676 554 1730; x_wconf 89' lang='lat' dir='ltr'>adhuc</span> <span class='ocrx_word' id='word_1_110' title='bbox 567 1695 618 1728; x_wconf 88' lang='lat' dir='ltr'>non</span> <span class='ocrx_word' id='word_1_111' title='bbox 630 1678 736 1737; x_wconf 70' lang='lat' dir='ltr'>exsulat,</span> <span class='ocrx_word' id='word_1_112' title='bbox 748 1693 823 1728; x_wconf 86' lang='lat' dir='ltr'>unum</span> <span class='ocrx_word' id='word_1_113' title='bbox 898 1687 929 1730; x_wconf 75' lang='lat'>45</span> 
     </span>
     <span class='ocr_line' id='line_1_18' title="bbox 200 1756 784 1824; baseline -0.007 -16"><span class='ocrx_word' id='word_1_114' title='bbox 200 1759 300 1809; x_wconf 89' lang='lat' dir='ltr'>Nomen</span> <span class='ocrx_word' id='word_1_115' title='bbox 306 1775 371 1810; x_wconf 84' lang='lat' dir='ltr'>ama:</span> <span class='ocrx_word' id='word_1_116' title='bbox 382 1759 506 1822; x_wconf 83' lang='lat' dir='ltr'>Scythicus</span> <span class='ocrx_word' id='word_1_117' title='bbox 515 1756 594 1824; x_wconf 64' lang='lat' dir='ltr'>celera</span> <span class='ocrx_word' id='word_1_118' title='bbox 604 1758 694 1807; x_wconf 80' lang='lat' dir='ltr'>Pontus</span> <span class='ocrx_word' id='word_1_119' title='bbox 704 1757 784 1806; x_wconf 84' lang='lat' dir='ltr'>habet.</span> 
     </span>
     <span class='ocr_line' id='line_1_19' title="bbox 166 1834 760 1900; baseline -0.003 -12"><span class='ocrx_word' id='word_1_120' title='bbox 166 1838 281 1888; x_wconf 85' lang='lat' dir='ltr'>Proxima</span> <span class='ocrx_word' id='word_1_121' title='bbox 289 1837 404 1889; x_wconf 79' lang='lat' dir='ltr'>sideribus</span> <span class='ocrx_word' id='word_1_122' title='bbox 416 1837 486 1888; x_wconf 87' lang='lat' dir='ltr'>tellus</span> <span class='ocrx_word' id='word_1_123' title='bbox 496 1834 683 1900; x_wconf 73' lang='lat' dir='ltr'>Erymaneuidos</span> <span class='ocrx_word' id='word_1_124' title='bbox 692 1835 760 1886; x_wconf 76' lang='lat' dir='ltr'>Ursae</span> 
     </span>
     <span class='ocr_line' id='line_1_20' title="bbox 200 1914 694 1981; baseline -0.002 -16"><span class='ocrx_word' id='word_1_125' title='bbox 200 1917 244 1965; x_wconf 90' lang='lat' dir='ltr'>Me</span> <span class='ocrx_word' id='word_1_126' title='bbox 255 1931 320 1967; x_wconf 91' lang='lat' dir='ltr'>tenet</span> <span class='ocrx_word' id='word_1_127' title='bbox 331 1934 340 1976; x_wconf 90' lang='lat'>·,</span> <span class='ocrx_word' id='word_1_128' title='bbox 351 1916 443 1968; x_wconf 74' lang='lat' dir='ltr'>alirino</span> <span class='ocrx_word' id='word_1_129' title='bbox 454 1931 516 1966; x_wconf 87' lang='lat' dir='ltr'>terra</span> <span class='ocrx_word' id='word_1_130' title='bbox 527 1914 619 1981; x_wconf 83' lang='lat' dir='ltr'>perusta</span> <span class='ocrx_word' id='word_1_131' title='bbox 629 1914 694 1980; x_wconf 90' lang='lat' dir='ltr'>gelu.</span> 
     </span>
     <span class='ocr_line' id='line_1_21' title="bbox 166 1979 864 2060; baseline 0.004 -17"><span class='ocrx_word' id='word_1_132' title='bbox 166 1992 286 2058; x_wconf 78' lang='lat' dir='ltr'>Bosporos</span> <span class='ocrx_word' id='word_1_133' title='bbox 298 1998 323 2044; x_wconf 78' lang='lat' dir='ltr'>bc</span> <span class='ocrx_word' id='word_1_134' title='bbox 335 1996 424 2046; x_wconf 78' lang='lat' dir='ltr'>Tanais</span> <span class='ocrx_word' id='word_1_135' title='bbox 436 1997 562 2060; x_wconf 85' lang='lat' dir='ltr'>superant,</span> <span class='ocrx_word' id='word_1_136' title='bbox 577 1979 742 2060; x_wconf 71' lang='lat' dir='ltr'>Scythicaeque</span> <span class='ocrx_word' id='word_1_137' title='bbox 752 1993 864 2060; x_wconf 83' lang='lat' dir='ltr'>paludes;</span> 
     </span>
     <span class='ocr_line' id='line_1_22' title="bbox 203 2068 931 2138; baseline -0.003 -16"><span class='ocrx_word' id='word_1_138' title='bbox 203 2068 298 2138; x_wconf 75' lang='lat' dir='ltr'>Vixque</span> <span class='ocrx_word' id='word_1_139' title='bbox 309 2075 363 2122; x_wconf 86' lang='lat' dir='ltr'>satis</span> <span class='ocrx_word' id='word_1_140' title='bbox 373 2076 427 2126; x_wconf 87' lang='lat' dir='ltr'>noti</span> <span class='ocrx_word' id='word_1_141' title='bbox 440 2076 540 2125; x_wconf 86' lang='lat' dir='ltr'>nomina</span> <span class='ocrx_word' id='word_1_142' title='bbox 549 2089 623 2138; x_wconf 85' lang='lat' dir='ltr'>pauca</span> <span class='ocrx_word' id='word_1_143' title='bbox 631 2071 688 2122; x_wconf 86' lang='lat' dir='ltr'>loci.</span> <span class='ocrx_word' id='word_1_144' title='bbox 900 2071 931 2120; x_wconf 79' lang='lat'>50</span> 
     </span>
     <span class='ocr_line' id='line_1_23' title="bbox 165 2151 767 2223; baseline 0.008 -24"><span class='ocrx_word' id='word_1_145' title='bbox 165 2151 273 2201; x_wconf 89' lang='lat' dir='ltr'>Ulterius</span> <span class='ocrx_word' id='word_1_146' title='bbox 290 2153 352 2202; x_wconf 88' lang='lat' dir='ltr'>nihil</span> <span class='ocrx_word' id='word_1_147' title='bbox 364 2153 413 2213; x_wconf 88' lang='lat' dir='ltr'>est,</span> <span class='ocrx_word' id='word_1_148' title='bbox 425 2155 471 2201; x_wconf 86' lang='lat' dir='ltr'>uiri</span> <span class='ocrx_word' id='word_1_149' title='bbox 481 2170 532 2202; x_wconf 89' lang='lat' dir='ltr'>non</span> <span class='ocrx_word' id='word_1_150' title='bbox 540 2155 672 2204; x_wconf 88' lang='lat' dir='ltr'>habitabile</span> <span class='ocrx_word' id='word_1_151' title='bbox 684 2155 767 2223; x_wconf 83' lang='lat' dir='ltr'>frigus.</span> 
     </span>
     <span class='ocr_line' id='line_1_24' title="bbox 200 2230 750 2298; baseline 0.009 -20"><span class='ocrx_word' id='word_1_152' title='bbox 200 2230 268 2279; x_wconf 83' lang='lat' dir='ltr'>Heu!</span> <span class='ocrx_word' id='word_1_153' title='bbox 283 2231 359 2298; x_wconf 80' lang='lat' dir='ltr'>quim</span> <span class='ocrx_word' id='word_1_154' title='bbox 371 2233 450 2281; x_wconf 85' lang='lat' dir='ltr'>vicina</span> <span class='ocrx_word' id='word_1_155' title='bbox 460 2230 493 2280; x_wconf 85' lang='lat' dir='ltr'>est</span> <span class='ocrx_word' id='word_1_156' title='bbox 502 2231 588 2282; x_wconf 89' lang='lat' dir='ltr'>ultima</span> <span class='ocrx_word' id='word_1_157' title='bbox 601 2247 661 2282; x_wconf 89' lang='lat' dir='ltr'>terra</span> <span class='ocrx_word' id='word_1_158' title='bbox 671 2236 731 2282; x_wconf 89' lang='lat' dir='ltr'>mihi</span> <span class='ocrx_word' id='word_1_159' title='bbox 743 2234 750 2282; x_wconf 83' lang='lat' dir='ltr'>l</span> 
     </span>
     <span class='ocr_line' id='line_1_25' title="bbox 165 2307 767 2374; baseline -0.002 -15"><span class='ocrx_word' id='word_1_160' title='bbox 165 2307 198 2359; x_wconf 79' lang='lat' dir='ltr'>At</span> <span class='ocrx_word' id='word_1_161' title='bbox 210 2307 282 2374; x_wconf 70' lang='lat' dir='ltr'>longi</span> <span class='ocrx_word' id='word_1_162' title='bbox 290 2312 366 2374; x_wconf 83' lang='lat' dir='ltr'>patria</span> <span class='ocrx_word' id='word_1_163' title='bbox 377 2309 410 2358; x_wconf 88' lang='lat' dir='ltr'>est</span> <span class='ocrx_word' id='word_1_164' title='bbox 421 2345 430 2370; x_wconf 90' lang='lat'>‚</span> <span class='ocrx_word' id='word_1_165' title='bbox 444 2309 516 2374; x_wconf 64' lang='lat' dir='ltr'>longi</span> <span class='ocrx_word' id='word_1_166' title='bbox 528 2313 650 2374; x_wconf 67' lang='lat' dir='ltr'>carissima</span> <span class='ocrx_word' id='word_1_167' title='bbox 659 2315 746 2374; x_wconf 84' lang='lat' dir='ltr'>conjux</span> <span class='ocrx_word' id='word_1_168' title='bbox 759 2328 767 2370; x_wconf 74' lang='lat'>3</span> 
     </span>
     <span class='ocr_line' id='line_1_26' title="bbox 143 2385 753 2456; baseline 0 -21"><span class='ocrx_word' id='word_1_169' title='bbox 143 2425 146 2428; x_wconf 80' lang='lat'><strong>.</strong></span> <span class='ocrx_word' id='word_1_170' title='bbox 200 2386 413 2456; x_wconf 79' lang='lat' dir='ltr'>Quicquid&amp;haec</span> <span class='ocrx_word' id='word_1_171' title='bbox 423 2388 492 2436; x_wconf 84' lang='lat' dir='ltr'>nobis</span> <span class='ocrx_word' id='word_1_172' title='bbox 498 2388 550 2452; x_wconf 85' lang='lat' dir='ltr'>post</span> <span class='ocrx_word' id='word_1_173' title='bbox 557 2385 606 2436; x_wconf 93' lang='lat' dir='ltr'>duo</span> <span class='ocrx_word' id='word_1_174' title='bbox 618 2387 687 2437; x_wconf 88' lang='lat' dir='ltr'>dulce</span> <span class='ocrx_word' id='word_1_175' title='bbox 698 2388 753 2437; x_wconf 89' lang='lat' dir='ltr'>fuit.</span> 
     </span>
     <span class='ocr_line' id='line_1_27' title="bbox 166 2461 927 2530; baseline -0.003 -16"><span class='ocrx_word' id='word_1_176' title='bbox 166 2467 205 2514; x_wconf 84' lang='lat' dir='ltr'>Sic</span> <span class='ocrx_word' id='word_1_177' title='bbox 220 2480 299 2522; x_wconf 84' lang='lat' dir='ltr'>tamen</span> <span class='ocrx_word' id='word_1_178' title='bbox 313 2466 362 2514; x_wconf 80' lang='lat' dir='ltr'>lvaec</span> <span class='ocrx_word' id='word_1_179' title='bbox 373 2467 472 2524; x_wconf 83' lang='lat' dir='ltr'>absunt,</span> <span class='ocrx_word' id='word_1_180' title='bbox 484 2480 512 2514; x_wconf 89' lang='lat' dir='ltr'>ut</span> <span class='ocrx_word' id='word_1_181' title='bbox 522 2499 531 2524; x_wconf 94' lang='lat'>‚</span> <span class='ocrx_word' id='word_1_182' title='bbox 543 2481 595 2530; x_wconf 79' lang='lat' dir='ltr'>quae</span> <span class='ocrx_word' id='word_1_183' title='bbox 605 2469 745 2530; x_wconf 29' lang='lat' dir='ltr'>*contingere</span> <span class='ocrx_word' id='word_1_184' title='bbox 756 2481 805 2514; x_wconf 86' lang='lat' dir='ltr'>non</span> <span class='ocrx_word' id='word_1_185' title='bbox 816 2465 847 2513; x_wconf 89' lang='lat' dir='ltr'>est</span> <span class='ocrx_word' id='word_1_186' title='bbox 901 2461 927 2504; x_wconf 79' lang='lat'>55</span> 
     </span>
     <span class='ocr_line' id='line_1_28' title="bbox 196 2541 753 2607; baseline 0 -14"><span class='ocrx_word' id='word_1_187' title='bbox 196 2541 324 2607; x_wconf 86' lang='lat' dir='ltr'>Corpore,</span> <span class='ocrx_word' id='word_1_188' title='bbox 336 2546 383 2592; x_wconf 89' lang='lat' dir='ltr'>sint</span> <span class='ocrx_word' id='word_1_189' title='bbox 393 2547 475 2593; x_wconf 88' lang='lat' dir='ltr'>animo</span> <span class='ocrx_word' id='word_1_190' title='bbox 485 2547 568 2594; x_wconf 60' lang='lat' dir='ltr'>cunita</span> <span class='ocrx_word' id='word_1_191' title='bbox 579 2543 682 2594; x_wconf 80' lang='lat' dir='ltr'>videnda</span> <span class='ocrx_word' id='word_1_192' title='bbox 689 2561 753 2593; x_wconf 90' lang='lat' dir='ltr'>meo.</span> 
     </span>
     <span class='ocr_line' id='line_1_29' title="bbox 167 2619 878 2684; baseline 0.003 -14"><span class='ocrx_word' id='word_1_193' title='bbox 167 2621 229 2671; x_wconf 74' lang='lat' dir='ltr'>Ante</span> <span class='ocrx_word' id='word_1_194' title='bbox 236 2621 321 2670; x_wconf 87' lang='lat' dir='ltr'>oculos</span> <span class='ocrx_word' id='word_1_195' title='bbox 331 2638 409 2672; x_wconf 89' lang='lat' dir='ltr'>errant</span> <span class='ocrx_word' id='word_1_196' title='bbox 420 2619 523 2682; x_wconf 84' lang='lat' dir='ltr'>domus,</span> <span class='ocrx_word' id='word_1_197' title='bbox 536 2622 618 2682; x_wconf 86' lang='lat' dir='ltr'>Urbs,</span> <span class='ocrx_word' id='word_1_198' title='bbox 629 2627 653 2672; x_wconf 63' lang='grc' dir='ltr'>ὃς</span> <span class='ocrx_word' id='word_1_199' title='bbox 666 2622 744 2672; x_wconf 84' lang='lat' dir='ltr'>forma</span> <span class='ocrx_word' id='word_1_200' title='bbox 752 2621 878 2684; x_wconf 79' lang='lat' dir='ltr'>locorum3</span> 
     </span>
     <span class='ocr_line' id='line_1_30' title="bbox 199 2696 697 2766; baseline 0.006 -20"><span class='ocrx_word' id='word_1_201' title='bbox 199 2696 380 2766; x_wconf 76' lang='lat' dir='ltr'>succeduntque</span> <span class='ocrx_word' id='word_1_202' title='bbox 394 2703 441 2750; x_wconf 82' lang='lat' dir='ltr'>suis</span> <span class='ocrx_word' id='word_1_203' title='bbox 452 2700 545 2766; x_wconf 81' lang='lat' dir='ltr'>singula</span> <span class='ocrx_word' id='word_1_204' title='bbox 556 2700 617 2751; x_wconf 70' lang='lat' dir='ltr'>fabia</span> <span class='ocrx_word' id='word_1_205' title='bbox 628 2701 697 2750; x_wconf 83' lang='lat' dir='ltr'>locis.</span> 
     </span>
     <span class='ocr_line' id='line_1_31' title="bbox 165 2774 845 2844; baseline 0.003 -17"><span class='ocrx_word' id='word_1_206' title='bbox 165 2774 284 2842; x_wconf 84' lang='lat' dir='ltr'>Conjngis</span> <span class='ocrx_word' id='word_1_207' title='bbox 302 2793 356 2828; x_wconf 84' lang='lat' dir='ltr'>ante</span> <span class='ocrx_word' id='word_1_208' title='bbox 372 2778 472 2839; x_wconf 82' lang='lat' dir='ltr'>oculos,</span> <span class='ocrx_word' id='word_1_209' title='bbox 484 2782 545 2829; x_wconf 84' lang='lat' dir='ltr'>eicut</span> <span class='ocrx_word' id='word_1_210' title='bbox 553 2781 690 2844; x_wconf 76' lang='lat' dir='ltr'>presentis,</span> <span class='ocrx_word' id='word_1_211' title='bbox 711 2781 792 2844; x_wconf 80' lang='lat' dir='ltr'>imago</span> <span class='ocrx_word' id='word_1_212' title='bbox 804 2779 845 2830; x_wconf 82' lang='lat' dir='ltr'>est.</span> 
     </span>
     <span class='ocr_line' id='line_1_32' title="bbox 198 2844 965 2918; baseline 0.008 -18"><span class='ocrx_word' id='word_1_213' title='bbox 198 2852 243 2901; x_wconf 85' lang='lat' dir='ltr'>llla</span> <span class='ocrx_word' id='word_1_214' title='bbox 253 2869 321 2902; x_wconf 87' lang='lat' dir='ltr'>meos</span> <span class='ocrx_word' id='word_1_215' title='bbox 333 2856 398 2902; x_wconf 86' lang='lat' dir='ltr'>casus</span> <span class='ocrx_word' id='word_1_216' title='bbox 409 2857 537 2918; x_wconf 82' lang='lat' dir='ltr'>ingravat,</span> <span class='ocrx_word' id='word_1_217' title='bbox 552 2854 596 2904; x_wconf 85' lang='lat' dir='ltr'>illa</span> <span class='ocrx_word' id='word_1_218' title='bbox 606 2854 678 2906; x_wconf 83' lang='lat' dir='ltr'>levat.</span> <span class='ocrx_word' id='word_1_219' title='bbox 898 2844 930 2884; x_wconf 62' lang='lat'>⁶⁰</span> <span class='ocrx_word' id='word_1_220' title='bbox 963 2863 965 2868; x_wconf 89' lang='lat'>&#39;</span> 
     </span>
     <span class='ocr_line' id='line_1_33' title="bbox 167 2930 920 2998; baseline 0.005 -18"><span class='ocrx_word' id='word_1_221' title='bbox 167 2931 279 2996; x_wconf 84' lang='lat' dir='ltr'>ingravat</span> <span class='ocrx_word' id='word_1_222' title='bbox 288 2930 790 2998; x_wconf 70' lang='lat' dir='ltr'>hoc‚quodabest31evathoe,quodprrestat</span> <span class='ocrx_word' id='word_1_223' title='bbox 799 2945 920 2992; x_wconf 79' lang='lat' dir='ltr'>amorem,</span> 
     </span>
     <span class='ocr_line' id='line_1_34' title="bbox 198 3009 684 3076; baseline 0.006 -19"><span class='ocrx_word' id='word_1_224' title='bbox 198 3009 387 3076; x_wconf 77' lang='lat' dir='ltr'>Impositumque</span> <span class='ocrx_word' id='word_1_225' title='bbox 396 3011 441 3060; x_wconf 83' lang='lat' dir='ltr'>ribi</span> <span class='ocrx_word' id='word_1_226' title='bbox 451 3010 521 3062; x_wconf 86' lang='lat' dir='ltr'>firma</span> <span class='ocrx_word' id='word_1_227' title='bbox 529 3026 607 3061; x_wconf 83' lang='lat' dir='ltr'>tuetur</span> <span class='ocrx_word' id='word_1_228' title='bbox 615 3028 684 3060; x_wconf 84' lang='lat' dir='ltr'>onus.</span> 
     </span>
     <span class='ocr_line' id='line_1_35' title="bbox 163 3085 786 3156; baseline 0.008 -19"><span class='ocrx_word' id='word_1_229' title='bbox 163 3085 217 3137; x_wconf 74' lang='lat' dir='ltr'>Vm</span> <span class='ocrx_word' id='word_1_230' title='bbox 225 3097 322 3156; x_wconf 88' lang='lat' dir='ltr'>quoque</span> <span class='ocrx_word' id='word_1_231' title='bbox 338 3090 471 3156; x_wconf 66' lang='lat' dir='ltr'>pedoribus</span> <span class='ocrx_word' id='word_1_232' title='bbox 481 3089 566 3141; x_wconf 83' lang='lat' dir='ltr'>uostris</span> <span class='ocrx_word' id='word_1_233' title='bbox 575 3093 668 3142; x_wconf 79' lang='lat' dir='ltr'>heretis</span> <span class='ocrx_word' id='word_1_234' title='bbox 678 3126 687 3154; x_wconf 90' lang='lat'>,</span> <span class='ocrx_word' id='word_1_235' title='bbox 700 3093 786 3154; x_wconf 82' lang='lat' dir='ltr'>amici,</span> 
     </span>
    </p>
   </div>
   <div class='ocr_carea' id='block_1_5' title="bbox 0 0 1172 3917">
    <p class='ocr_par' dir='ltr' id='par_1_5' title="bbox 0 0 1172 3917">
     <span class='ocr_line' id='line_1_36' title="bbox 0 0 1172 3917; baseline 0 0"><span class='ocrx_word' id='word_1_236' title='bbox 0 0 1172 3917; x_wconf 95' lang='lat' dir='ltr'> </span> 
     </span>
    </p>
   </div>
  </div>
 </body>
</html>
