2334 3917
268 414 566 481 Frsrornn
592 406 697 475 Lrn.
728 406 772 475 V.
827 408 889 495 1'33

214 533 297 586 Curva
307 530 465 600 gemellipara
474 529 563 597 spicula
572 527 707 579 ferreDeoe·
734 539 737 546 '
816 550 822 561 ·

184 611 281 662 Obllitit
298 613 384 661 Orion.
397 611 490 659 Latona
500 608 630 657 nitentibus
645 606 710 655 astris

213 688 315 740 Addidit
325 709 331 738 ι
344 693 369 739 &
379 690 461 738 meriti
471 688 585 754 premia,
595 683 673 740 dixit,
685 683 754 734 habe.

182 766 241 817 SED
252 766 312 834 quid
323 772 349 819 dt
362 769 458 829 Orion,
470 770 496 817 bc
507 781 585 816 cetera
593 762 670 814 sidera
677 760 769 813 mundo
897 759 942 807 545

215 844 307 896 Cedere
319 845 447 906 festinent,
461 860 557 909 noxque
568 844 673 893 coardiat
682 842 745 890 iter?
784 845 788 849 “

184 922 267 986 Quid,
279 924 352 975 solito
363 927 432 973 citius
445 957 454 982 ,
468 918 561 989 liquido
575 923 644 987 jubat
655 933 752 983 equote
760 914 826 965 tollit

215 1000 344 1063 Candida,
360 1000 471 1050 Lucifero
480 1001 652 1065 preveniente,
664 994 732 1046 dies?

182 1074 279 1124 fallor?
291 1090 321 1125 an
329 1092 394 1124 arma
403 1076 488 1124 sonant
496 1077 504 1122 l
512 1090 562 1123 non
569 1067 892 1121 fallimuttarmasonnbant.

215 1152 281 1201 Mars
291 1156 374 1210 venit5
389 1156 414 1203 δι
428 1155 525 1203 veniens
537 1151 624 1200 bellica
638 1153 704 1215 signe
718 1146 796 1197 dedit.
895 1144 944 1193 55⁰

182 1228 254 1277 Ultor
262 1228 294 1279 ad
309 1232 358 1295 ipse
373 1233 426 1281 suot
437 1230 501 1281 coelo
512 1227 633 1280 descendit
642 1232 759 1287 honoret,
991 1222 997 1230 ”

215 1306 365 1373 Templaque
375 1310 402 1357 in
409 1308 513 1373 Augusto
523 1304 689 1373 conspicienda
698 1307 770 1354 Foro.

182 1383 214 1433 Et
230 1382 295 1433 Deus
304 1386 336 1433 est
346 1389 438 1450 ingens,
451 1391 476 1436 dt
487 1402 546 1451 opus
554 1405 560 1433 r
569 1384 671 1435 debebat
679 1386 705 1435 in
714 1382 781 1432 Urbe

216 1461 273 1511 Non
285 1461 354 1511 alirer
363 1466 412 1513 nati
423 1464 489 1512 Mars
500 1464 605 1513 habitare
617 1464 673 1525 soi.¹

181 1537 264 1605 Digna
275 1539 396 1605 Giganteis
407 1542 457 1590 haec
467 1542 521 1590 sunt
531 1540 630 1589 delubra
640 1542 748 1604 tropaeist
774 1538 778 1550 '
896 1536 940 1583 lll

215 1616 279 1665 Hinc
291 1617 341 1666 fera
351 1616 481 1669 Gradivum
494 1618 556 1667 bella
566 1635 663 1669 movere
675 1616 743 1667 decet
755 1635 765 1677 3

182 1693 228 1743 Seu
239 1697 293 1760 quis
304 1694 334 1743 ab
345 1695 396 1745 Eoo
407 1713 450 1746 nos
458 1699 545 1762 impius
555 1700 612 1747 orbe
623 1694 733 1755 lacellet,

216 1774 261 1821 Seu
276 1773 329 1839 quit
340 1774 369 1822 ab
381 1773 490 1824 Occiduo
505 1774 560 1824 Sole
572 1773 706 1825 domandus
716 1775 770 1823 erit.

181 1846 245 1899 Ptol
241 1851 301 1913 picit
312 1852 455 1915 armipotens
466 1854 543 1915 operis
553 1848 645 1915 fastigia
655 1850 742 1897 summi
754 1864 762 1905 ;

215 1926 247 1975 Et
257 1928 344 1992 probat
358 1929 457 1977 invlstos
467 1929 560 1978 summa
571 1941 650 1975 tenere
658 1925 731 1974 Deos.
897 1933 945 1986 ςέο

183 2004 301 2070 Prospicit
311 2008 338 2054 in
350 2005 440 2055 fotibus
451 2003 546 2055 diversae
558 2004 606 2054 tela
616 2002 698 2069 figura
708 2037 717 2063 ,

216 2082 336 2149 Armaque
350 2098 465 2133 tetrarum
477 2082 555 2132 milite
566 2085 628 2133 viiia
637 2084 689 2130 suo.

183 2160 247 2213 llint
257 2156 326 2210 videt
336 2160 427 2210 AEnban
435 2176 561 2212 oneratum
571 2158 678 2227 pondere
687 2160 754 2209 sacro
765 2175 775 2217 ς

217 2238 247 2287 Et
258 2252 296 2287 tot
307 2238 377 2288 luldae
387 2239 519 2291 nobilitatis
530 2256 596 2290 avos.

182 2314 246 2366 Hinc
256 2314 324 2365 videt
336 2314 426 2366 Iliaden
437 2318 539 2366 humeris
550 2315 616 2367 ducis
624 2332 690 2365 arma
699 2314 831 2371 fetentem
899 2310 944 2367 5⁶5

216 2391 337 2459 Clartque
346 2392 465 2460 dispositis
475 2398 526 2447 alta
536 2392 626 2445 subess'e
633 2397 700 2444 viris.

181 2472 275 2537 Speiiat
286 2475 311 2521 δι
329 2471 434 2536 Augusto
444 2488 583 2537 praetertum
595 2474 694 2521 nomine
705 2468 839 2535 templum

216 2548 247 2596 Et
256 2550 335 2600 visum
342 2582 350 2607 ,
358 2547 419 2597 letio
430 2547 538 2610 Ctesare,
549 2554 626 2615 maJut
636 2564 704 2613 oput.

182 2624 290 2675 Voverrt
298 2628 346 2675 hoc
356 2630 447 2690 juvenis
458 2642 515 2676 tunc
525 2628 581 2677 crim
592 2630 631 2693 pia
642 2625 815 2675 sustulirarme.

217 2704 317 2753 Arantis
325 2706 436 2769 Princeps
445 2702 596 2771 incipiendus
605 2719 665 2754 erat.
898 2707 946 2755 570

183 2780 318 2833 lllernanur
329 2780 445 2842 tendent,
456 2785 513 2833 hinc
523 2784 593 2832 stanti
604 2781 681 2831 milite
693 2778 754 2846 justo
761 2812 771 2840 ,

216 2858 280 2908 lline
289 2863 436 2926 conjurarit,
450 2860 507 2909 talia
517 2858 578 2909 didit
590 2857 667 2909 dedit.

88 2942 90 2972 f
185 2938 209 2986 si
220 2938 279 2985 mihi
291 2936 397 2987 bellandi
409 2952 474 3003 pater
485 2937 517 2987 est
526 2973 534 2997 ,
544 2938 668 3003 Vestaque
678 2932 804 2994 sacerdot,

217 3016 318 3073 duilon
334 3019 359 3065 δι
370 3015 453 3065 ulcisci
463 3032 552 3065 numen
561 3031 689 3081 utrumque
699 3030 770 3079 paro,

184 3090 266 3150 Mers,
279 3092 354 3155 ader,
366 3098 390 3145 bt
402 3094 460 3145 satia
469 3095 583 3145 scelerato
592 3096 707 3160 languine
715 3092 805 3145 ferrum
815 3106 830 3150 3,
882 3103 884 3106 ·
898 3093 942 3143 5⁷5
