2334 3917
302 360 576 431 Turtururr
600 354 692 428 Lre.
717 354 775 426 ΙΙ.
831 357 896 442 189

186 476 210 528 C
213 476 254 526 tim
266 482 340 543 toepit
350 474 456 551 quadarn
466 475 552 526 demut
566 473 699 535 subridere,
710 489 787 540 parter

220 556 248 605 In
258 556 402 621 proclinatas
413 572 485 604 omne
496 554 615 603 recumbit
625 568 700 602 onus:

187 630 346 700 Cunsteque,
363 630 469 683 Fortuni
479 634 565 679 rimam
574 629 693 690 faciente,
704 630 838 690 dehiseunt.
917 655 946 725 ⁸5

223 713 274 777 Ipsa
284 715 327 762 suo
336 709 460 778 quendem
470 706 575 773 pondere
588 710 648 756 retia
657 724 738 759 ruunt.

186 786 253 853 Ergo
263 792 391 839 hominum
401 790 526 853 quasitum
536 784 621 835 odium
632 788 692 835 mihi
699 790 815 836 carminet
824 788 899 854 qudqt

223 862 332 927 Debuit,
348 866 381 917 est
395 866 476 917 vultus
487 865 555 914 turbe
564 865 645 915 secuta
656 879 718 914 tuos.

189 945 237 1003 At,
253 947 354 994 memini
364 977 373 1000 ,
386 946 509 1008 vitamque
519 958 599 991 meam
609 958 735 1008 moresque
745 942 861 1007 probabas

226 1021 291 1081 1110,
308 1038 379 1088 quent
390 1020 487 1071 dederas
498 1055 506 1081 ‚
518 1024 678 1085 pretereuntis
689 1037 762 1086 equo.
918 1049 950 1095 90

192 1097 268 1160 Quod
278 1104 297 1149 ei
308 1116 357 1149 non
366 1097 460 1165 prodest
471 1133 478 1157 ‚
492 1102 516 1146 δι
526 1097 619 1147 honesti
629 1101 705 1161 gratie
715 1097 781 1148 nuile

227 1175 343 1227 Redditur
352 1194 359 1236 3
372 1192 396 1228 et
406 1176 500 1226 nullum
511 1178 602 1225 crimen
612 1174 711 1240 adeptus
719 1192 794 1224 eram.

191 1252 246 1304 Nec
262 1254 324 1303 niele
340 1251 465 1303 eemmiss'a
479 1253 512 1301 est
524 1253 593 1311 nobis
609 1252 706 1301 fortune
719 1270 835 1316 reorum,
896 1243 900 1252 ’

228 1332 315 1398 Lirque
328 1330 411 1381 decem
426 1329 504 1380 decies
514 1328 660 1395 inspicienda
669 1333 734 1381 viris.

194 1410 244 1462 Res
257 1426 353 1475 quoque
364 1412 465 1473 privatae
476 1408 544 1457 stetui
554 1411 604 1457 sine
613 1411 713 1457 crimine
723 1408 807 1474 judex:
920 1437 949 1483 95

230 1485 314 1551 Deque
321 1486 379 1535 *mei
389 1483 446 1535 falsa
457 1486 489 1534 est
498 1501 550 1550 pars
561 1502 656 1551 quoque
664 1489 725 1537 vitia
737 1486 793 1536 fide.

195 1562 240 1612 Me
258 1564 386 1613 miserunt!
408 1566 493 1629 potui,
506 1565 524 1611 si
536 1580 585 1612 non
597 1578 701 1613 extreme
711 1579 840 1624 nocerent,

235 1636 330 1687 Iudicio
342 1654 405 1688 tutus
415 1654 466 1687 non
476 1636 547 1686 semel
558 1636 605 1688 ess'e
616 1652 668 1687 tuo.

196 1714 293 1765 Ultima
304 1733 342 1765 me
353 1714 454 1781 perdunt
466 1732 473 1765 t
483 1717 582 1779 imoque
593 1716 635 1763 iub
646 1730 739 1781 equore
750 1719 837 1781 mergit

231 1793 380 1843 incolumem
392 1797 461 1843 toties
469 1808 516 1841 una
526 1792 722 1856 precellentem,
911 1812 959 1853 100

199 1869 253 1920 Nec
262 1872 320 1927 mihi
335 1886 386 1935 part
398 1872 481 1919 nocuit
493 1867 522 1918 de
533 1871 626 1935 gurgite
636 1886 708 1934 parva
718 1890 724 1920 r
736 1869 777 1921 sed
787 1888 871 1927 omues

233 1945 335 1997 Preffere
345 1950 391 1997 hoc
402 1945 499 2006 fluetus,
515 1946 687 2013 Oteanueque,
701 1964 781 2014 ceput,

200 2024 254 2091 Cur
266 2022 357 2091 aliquid
366 2022 433 2073 vidit
446 2040 487 2073 tur
497 2027 569 2073 noxia
580 2024 672 2074 lumina
683 2026 747 2082 feci?

234 2102 286 2153 Cur
296 2100 443 2167 imprudenti
451 2105 547 2167 cognite
555 2102 626 2169 eulpa
635 2106 696 2153 mihi
707 2109 716 2154 ἓ

202 2181 293 2231 Inscius
308 2182 402 2229 Astron
418 2177 481 2231 vidit
495 2184 544 2229 eine
556 2182 617 2229 veste
629 2180 749 2232 Dianam:
918 2206 959 2250 ¹⁰5

237 2257 318 2313 Praede
333 2258 380 2309 fuit
395 2258 493 2307 canibus
503 2274 553 2307 nen
567 2258 697 2311 mindeille
707 2262 763 2312 suit·
778 2281 780 2284 ’

201 2336 299 2392 Scilicet
308 2338 334 2385 in
342 2337 434 2399 Superis
445 2337 517 2385 etiarn
529 2334 626 2384 fortuna
635 2335 722 2385 luenda
733 2338 784 2400 este
819 2354 824 2359 ·

237 2412 290 2463 Nec
305 2415 400 2463 veniam
410 2446 419 2467 ,
429 2411 486 2461 iaeso
496 2403 595 2463 nurnine
607 2446 615 2471 ,
626 2414 692 2462 casus
703 2413 785 2464 hebet.

204 2490 250 2541 lile
260 2504 364 2557 nemque
376 2488 431 2549 die,
443 2488 491 2555 qui
500 2506 539 2539 me
551 2490 627 2539 melus
638 2491 734 2542 abstulit
742 2509 807 2543 error
819 2527 828 2553 ,

238 2570 313 2619 Parva
322 2567 424 2635 quidem‘
432 2570 515 2633 periit,
527 2566 567 2617 sed
578 2570 627 2617 sine
637 2568 707 2628 labe,
718 2568 814 2619 domus.
919 2602 965 2641 110

205 2648 244 2697 Sic
256 2663 352 2713 quoque
362 2661 434 2711 perra
443 2659 522 2694 temen
532 2678 540 2704 ‚
552 2643 730 2709 petriedicatur
740 2662 767 2696 ut
777 2664 830 2699 aevo

239 2724 324 2780 ciart.
337 2740 382 2773 nec
399 2722 470 2772 ullius
482 2723 607 2773 nobilitate
619 2727 707 2773 minor.

206 2802 237 2851 Et
248 2818 324 2867 neque
334 2800 425 2851 divitiis
436 2835 444 2859 ‚
461 2816 504 2849 nec
514 2815 651 2865 paupertate
659 2801 780 2853 notanda:

240 2878 310 2929 Unde
321 2878 349 2928 fit
359 2881 385 2927 in
396 2892 506 2927 neutrum
519 2878 699 2942 conspiciendus
708 2898 788 2947 eques.
824 2889 827 2894 '

208 2960 243 3007 Sit
253 2974 349 3022 quoque
359 2956 437 3005 nostre
448 2953 533 3005 domus
542 2956 580 3005 vel
592 2959 663 3005 censu
675 2975 760 3024 parva,
774 2963 814 3022 th
826 2980 880 3017 0131
892 2983 900 3027 3
921 2991 963 3045 „5

242 3035 341 3107 ingenio
352 3032 415 3087 certe
424 3048 474 3085 nen
481 3034 540 3093 latet
551 3033 595 3085 iile
603 3050 668 3093 rnen,
