2334 3917
275 356 557 446 anscr'vnr
580 357 680 424 Lrn.
706 357 774 426 IV.
813 380 881 442 237

206 481 230 528 Si
246 479 342 531 valeant
352 481 479 535 homines,
494 494 530 527 art
546 492 599 532 tua,
614 478 716 536 Phoebc‚
732 482 801 540 jacet.

174 557 234 617 Qua
246 557 323 617 latet,
342 559 414 622 inque
430 557 499 604 bonis
508 552 583 604 ccffat
597 571 645 602 non
656 557 753 619 cognito
765 557 832 603 rebus
846 587 853 612 ‚

206 636 309 699 Apparet
320 637 395 683 virtus
408 636 560 698 arguiturque
571 631 650 680 malis.
904 635 935 682 80

176 711 225 760 Dat
235 715 279 761 tibi
291 711 369 760 nostra
384 711 465 760 locum
476 711 540 760 tituli
551 712 657 759 Fortuna
667 727 675 770 3
688 725 805 775 caputque

209 789 373 853 conspicuum
388 791 462 853 pietat
478 787 526 854 quai
536 802 577 836 tua
587 789 671 847 tollat,
683 792 762 850 habet.

176 866 249 915 Utere
260 868 421 931 temporibus,
433 882 538 931 quorum
546 883 610 916 nunc
618 883 714 916 munere
727 867 786 916 freta
797 866 832 916 esi

209 943 245 992 En
255 958 320 1008 patet
331 947 356 992 in
366 943 446 994 laudes
457 960 511 992 arca
521 944 569 994 lata
580 961 640 994 tuat.

216 1089 871 1166 ..τήξεις-εει»

80 1168 82 1249 i
352 1232 722 1302 ELEGIAIV.

184 1319 271 1450 O!
293 1405 374 1453 our,
391 1394 529 1450 nominibus
540 1411 596 1444 cum
608 1398 638 1448 ais
652 1397 777 1460 generosus
791 1396 874 1455 avitis,

215 1467 343 1532 Exsuperat
353 1487 448 1526 mortun
458 1474 585 1526 nobilitate
596 1489 668 1538 genus
677 1492 683 1526 t

182 1537 259 1613 §ujus
269 1545 329 1595 inest
337 1550 418 1597 animo
428 1552 499 1612 patrii
508 1548 618 1603 candoris
628 1553 709 1615 imago
720 1583 729 1612 ,

216 1621 274 1670 Non
283 1638 361 1673 carcat
372 1626 546 1685 nerviscandor
557 1642 583 1676 ut
594 1628 635 1684 istc
646 1630 701 1677 suis.

184 1698 261 1764 Cujus
278 1703 305 1759 in
320 1704 417 1768 ingenio
431 1707 513 1769 patria
529 1704 641 1759 facundia
654 1705 741 1770 lingon
755 1706 802 1764 cst,
912 1722 922 1770 ς

218 1777 271 1836 Qui
282 1781 347 1844 prior
357 1782 383 1829 in
397 1781 467 1832 Latio
477 1783 583 1832 nonfuit
595 1783 644 1832 ulla
655 1784 731 1832 Foro:

184 1852 259 1913 Quod
276 1856 376 1918 minimi
391 1859 476 1920 volui,
493 1862 577 1925 positis
587 1876 635 1925 1pro
649 1864 747 1912 nomint
762 1864 849 1926 riguis,

217 1930 301 1981 Dictus
310 1950 334 1982 cr
346 1939 471 2000 :ignoscas
487 1936 596 1991 laudibus
613 1940 655 1988 ista
666 1941 719 1988 tuit.

184 2006 228 2056 Nil
240 2017 388 2075 egopcccavi
399 2032 406 2061 ε
417 2030 457 2062 tua
473 2029 495 2062 te
506 2015 569 2064 bona
579 2018 675 2079 cognita
686 2014 799 2080 produnt.

219 2089 260 2147 si,
278 2088 345 2152 quod
360 2107 400 2148 es,
416 2109 529 2157 appares,
542 2092 612 2158 culpa
627 2093 705 2142 soluta
714 2110 766 2142 mea
777 2093 817 2143 est.
914 2109 942 2146 ro

187 2163 240 2221 Ncc
250 2160 332 2215 tamen
340 2167 447 2218 officium
455 2171 535 2220 nostro
547 2172 597 2227 tibi
607 2175 711 2221 carmine
722 2171 810 2220 facium
822 2205 830 2231 ,

223 2242 331 2309 Principe
342 2245 479 2312 tam'jusio‚
492 2247 557 2313 posse
571 2265 657 2298 nocere
668 2264 733 2314 puta.

189 2316 241 2381 lpse
256 2320 324 2371 Pater
334 2323 417 2374 Patri:
428 2360 437 2386 ,
455 2326 464 2392 (
478 2325 537 2391 quid
549 2329 612 2375 enim
623 2327 715 2376 civilius
725 2327 769 2378 illo
781 2332 789 2382 i
801 2327 810 2394 )

227 2397 329 2449 Sustinet
339 2403 364 2449 in
375 2403 455 2455 nostro
468 2407 572 2452 carmine
584 2405 642 2467 sape
654 2403 709 2467 legi.

190 2473 244 2526 Nec
259 2479 383 2540 prohibere
396 2481 492 2545 potest,
509 2485 566 2546 quia
575 2497 610 2528 trs
624 2481 656 2528 est
668 2479 762 2544 publica
770 2479 866 2539 Caeiar3
919 2494 946 2542 15

223 2555 255 2604 Et
272 2554 301 2605 dc
319 2562 443 2617 communi
458 2575 511 2624 pars
521 2575 617 2626 quoque
633 2557 711 2610 nostra
730 2558 794 2608 bono
810 2558 850 2606 est.

191 2634 300 2698 luppiter
308 2637 409 2700 ingeniis
416 2638 504 2701 praebet
514 2639 554 2685 sua
563 2639 663 2685 numina
673 2649 754 2684 vatum
767 2652 776 2693 5

225 2715 301 2779 Seque
310 2715 423 2774 celebrari
433 2715 542 2780 quolibet
552 2730 594 2762 ore
605 2714 669 2762 sinit.
773 2759 786 2773 ,

192 2790 273 2849 Causa
283 2808 325 2841 tua
338 2791 455 2857 extmplo
464 2795 607 2857 Superotum
620 2805 669 2839 tuta
681 2788 783 2839 duorum
795 2790 826 2837 est
838 2807 843 2840 t

226 2869 336 2929 Quorum
351 2874 391 2929 hic
405 2871 568 2935 conspicitur,
581 2865 684 2917 creditur
697 2868 738 2916 ille
749 2867 822 2915 Deus.
919 2897 950 2930 ω

192 2948 228 2999 Ut
237 2966 288 2999 non
298 2947 438 3008 debuerint,
451 2962 531 3004 tamen
541 2948 588 3000 hoc
598 2961 642 3009 ego
654 2947 744 3007 crimen
756 2947 855 3004 anrabo:

227 3028 286 3086 Nou
297 3027 343 3082 fuit
353 3028 445 3080 arbitrii
455 3026 523 3080 litera
531 3024 610 3080 nostra
623 3025 665 3080 tui.
