2334 3917
254 391 559 463 Frrrornrr
580 390 755 459 Lrn.1V.
820 410 881 477 105

94 538 98 543 ·
200 510 321 564 Carmina
336 512 498 565 mortalium
515 510 639 565 referenda
649 513 721 563 sono.

165 588 316 665 Inquessfocq
323 624 332 646 ,
343 592 410 655 pueri
421 606 506 654 corpus
519 591 614 639 vivente
631 589 715 643 ferilli

199 669 305 728 Obruit,
320 670 453 717 humanum
469 681 555 733 purget
565 681 593 718 ut
601 670 662 731 ignis
672 682 741 719 onus·

168 746 297 795 Excutitur
309 748 394 795 somno
411 742 481 795 stulte
493 748 533 809 pia
542 758 633 793 mater:
644 747 669 793 lit
680 759 779 803 amens,
888 754 900 805 5
907 754 933 805 (ς

204 822 271 885 Quid
282 823 358 875 facis?
372 821 502 872 exclamat:
511 822 668 886 membraque
680 822 711 869 ab
719 823 774 885 igne
785 820 856 885 rapit.

170 898 221 953 Cui
235 901 305 961 Dea,
324 900 392 951 Dum
409 916 460 950 non
474 916 519 959 es,
536 896 617 965 dixit,
630 898 761 959 scelerata,
773 897 855 955 fuisti3

202 979 272 1029 lrrita
282 994 392 1028 materno
402 979 458 1031 sunt
468 993 522 1027 mea
533 975 598 1027 dona
605 991 681 1028 metu.

170 1057 216 1107 Iste
225 1055 325 1123 quidem
335 1056 444 1107 mortalis
455 1058 500 1105 erit
510 1075 516 1103 r
531 1053 571 1105 sed
583 1058 674 1120 primus
680 1055 757 1111 arabit
767 1086 778 1115 ,

203 1134 235 1184 Et
247 1135 308 1189 feret
320 1153 328 1194 3
344 1138 369 1184 δι
383 1133 449 1184 culti
461 1135 559 1200 praemia
573 1132 644 1183 tollet
656 1135 732 1183 humo
890 1131 938 1181 5⁶⁰

169 1212 240 1262 Dixit
251 1231 258 1261 e
270 1216 294 1263 δι
305 1210 426 1277 egrediens
437 1212 526 1263 nubem
537 1212 610 1261 trahit
620 1246 628 1271 ,
639 1213 711 1277 inque
723 1208 839 1260 dracouez

202 1292 318 1351 Transit,
333 1295 358 1341 δι
373 1290 464 1355 aligero
480 1290 573 1339 tollitur
584 1306 626 1338 axe
639 1288 721 1339 Ceres.
809 1295 812 1307 '

169 1372 263 1427 Sunion
277 1372 427 1433 expositum,
442 1368 562 1431 Piraeaque
575 1380 627 1417 tuta
638 1364 728 1415 recessu

202 1446 304 1512 Linquit
316 1479 324 1504 ‚
344 1449 368 1495 δι
377 1448 403 1494 in
414 1442 524 1495 dextrum
534 1460 587 1510 quae
594 1448 656 1509 jacet
666 1461 709 1493 ora
719 1443 789 1493 latur.

170 1523 235 1573 Hinc
248 1525 296 1572 init
306 1522 414 1587 AEgaeum
427 1556 436 1581 ,
447 1538 496 1588 quo
507 1519 627 1585 Cycladas
638 1523 722 1585 aspicit
728 1537 828 1578 omnem
889 1525 934 1580 5⁶5

203 1602 348 1667 leniumque
359 1617 443 1666 rapax,
459 1600 610 1665 lcariumque
619 1599 686 1665 legit.

169 1673 263 1743 Perque
274 1677 342 1727 urbes
358 1677 418 1725 Asiae
429 1676 530 1741 lengum
541 1678 603 1741 petit
613 1675 797 1741 Hellespontum
810 1690 820 1734 5

202 1755 379 1821 Diversumque
390 1755 449 1805 locis
461 1756 509 1805 alta
519 1769 624 1821 pererrat
633 1759 688 1805 iter.

170 1832 237 1900 Nam
248 1832 326 1883 modi)
334 1833 447 1898 turilegos
455 1834 543 1883 Arabas
556 1830 652 1893 ‚modo
662 1831 763 1897 despicit
772 1830 863 1891 ludos;

203 1912 269 1961 Hinc
283 1912 373 1973 Libys,
390 1914 445 1963 hinc
458 1912 563 1972 Meros,
579 1913 688 1978 siccaque
699 1928 759 1961 terra
768 1910 852 1959 subest.
889 1922 936 1970 570

171 1990 244 2041 Nunc
254 1988 306 2039 adit
316 1988 451 2054 Hesperios,
461 1991 583 2051 Rhenum,
592 1986 885 2055 Rhodanumqu>adumq5
936 2023 939 2034 .

204 2068 289 2133 Teque
300 2066 380 2135 future
393 2084 490 2133 parens,
502 2068 591 2130 Tibri,
608 2071 713 2133 potentis
726 2084 803 2134 aque.

170 2144 229 2208 Quo
242 2146 323 2197 feroti
333 2148 478 2197 immensum
490 2147 523 2195 est
530 2161 617 2199 erratas
627 2146 705 2197 dicere
716 2161 805 2205 terror,

203 2226 338 2275 Praeteritus
348 2222 430 2275 Cereri
439 2224 519 2274 nullus
529 2227 555 2275 in
566 2226 623 2275 orbe
634 2225 713 2278 loeus.
774 2274 778 2286 ,

171 2301 241 2350 Errat
256 2306 282 2351 δι
297 2304 324 2351 in
335 2301 398 2351 coelo
407 2320 413 2351 ι
422 2300 554 2369 liquidique
564 2305 681 2353 immunia
690 2304 761 2369 ponti
890 2318 934 2367 575

202 2380 342 2447 Alloquitur
353 2379 434 2445 gelido
443 2383 552 2446 proxima
563 2384 630 2447 signa
639 2381 708 2447 polo.

169 2457 321 2521 Parrhasides
332 2458 405 2508 stellae
417 2493 425 2519 ‚
443 2474 546 2525 namque
558 2462 642 2512 omnia
657 2457 726 2510 nolle
737 2458 852 2525 potestis,

203 2536 336 2603 ffiquoreas
348 2553 480 2603 numquam
492 2537 547 2587 clm
559 2540 661 2605 subeatis
670 2555 758 2605 aquas,

167 2614 340 2683 Persephonen
348 2618 437 2667 miserae
450 2632 531 2669 natam
541 2619 671 2669 monstrate
681 2620 782 2683 parenti.
863 2656 868 2668 .

199 2692 302 2743 Dixerat
314 2712 321 2742 e
333 2696 388 2743 huic
400 2694 483 2745 Helice
494 2694 551 2746 ralia
561 2697 633 2747 verba
643 2696 723 2745 refert.
889 2677 938 2737 5⁸0

169 2770 282 2841 Crimine
299 2788 349 2821 nox
359 2788 434 2823 vacua
444 2774 485 2823 est.
498 2773 578 2823 Solem
588 2770 619 2824 de
627 2776 720 2838 virgine
729 2770 800 2839 rapti

201 2848 331 2909 Consule,
343 2852 386 2916 qui
399 2848 446 2901 lari
459 2850 520 2902 faeta
531 2850 617 2902 diurna
626 2848 704 2902 videt.

167 2927 209 2978 Sol
229 2925 326 2986 aditus,
341 2927 421 2987 Quam
432 2931 530 2995 quaeris,
538 2932 589 2987 air,
600 2945 698 2988 nevam
709 2929 822 2990 labores,

201 3004 287 3071 Nupta
296 3005 361 3055 lovis
372 3005 441 3055 fratri
452 3009 521 3057 tertia
531 3023 605 3071 regna
615 3022 680 3057 tenet

167 3082 257 3145 Questa
271 3080 313 3135 diu
323 3084 404 3143 secum
413 3085 445 3136 ric
456 3085 489 3137 est
498 3083 572 3137 affata
584 3086 738 3148 Tonantem
880 3064 939 3129 ‚5⁸5

708 3170 731 3222 E
750 3186 769 3222 v
