2334 3917
259 418 323 475 ιη
397 397 441 472 Ρ.
469 398 625 469 Ονιυη
649 400 845 469 NAsourr

207 522 255 571 790
288 518 383 585 Ignibus
396 524 421 569 br
436 520 516 587 sparsa
526 536 623 587 tangere
633 538 719 588 corpur
727 523 799 589 aqui.

253 598 310 659 Au,
328 597 395 664 quod
406 601 432 649 in
442 601 479 649 hir
490 602 545 649 vitre
553 601 676 650 causaest?
688 603 739 651 bac
749 598 854 667 perdidit
866 600 947 661 exsu15

285 676 328 725 llis
339 693 403 727 nova
413 675 442 727 fit
451 682 539 743 conjux
550 696 559 737 3
574 680 626 727 irat
635 676 685 729 duo
696 694 784 744 magna
794 693 887 744 putant.

252 752 300 803 vn
310 752 423 820 equidem
433 754 522 815 credor
533 757 588 805 sunt
595 759 638 821 qui
646 757 793 807 Phalirbonta
803 755 886 805 referri

284 831 409 894 Credant,
428 836 453 883 bc
466 836 551 883 nimias
560 834 715 883 Deucalionis
725 850 806 900 aquas.

204 910 423 979 795Parrquoque‚
434 910 490 983 crlrn
500 913 559 961 saxis
569 912 673 977 pastores
682 913 736 961 sare
751 912 877 972 terebant,
963 912 980 937 ”

285 989 429 1039 Scintilllam
438 987 518 1037 subitb
525 987 660 1055 prosiluisse
671 989 751 1039 ferunt
761 1006 770 1047 ς

251 1067 332 1117 Prima
339 1064 437 1135 quidem
443 1068 532 1133 periit,
543 1065 634 1131 stipulis
645 1081 743 1132 excepta
752 1060 854 1117 secunde
865 1061 907 1115 cil.

285 1144 339 1193 lioc
349 1146 483 1209 argumenti
495 1142 593 1193 flamma
604 1144 684 1195 Palilir
694 1146 775 1195 habet.

251 1220 289 1270 An
305 1224 381 1285 tnagis
395 1223 457 1271 hunc
468 1238 561 1271 morem
572 1224 646 1286 pietas
661 1222 746 1273 ifnei'a
762 1221 836 1280 feeit,

204 1292 251 1342 loo
284 1298 419 1349 innocuum
430 1301 493 1351 vitio
503 1303 542 1349 cui
549 1294 685 1364 deditignir
694 1302 755 1351 iter:
875 1353 877 1358 ,

251 1375 318 1427 Num
330 1390 410 1427 tamen
427 1377 459 1425 eil
469 1393 526 1427 vero
534 1380 650 1442 propius?
661 1377 718 1427 crlrn
729 1375 827 1427 condita
834 1376 911 1427 Roma
919 1375 965 1440 est,

282 1453 415 1503 Transferri
425 1450 499 1519 jullor
506 1457 532 1503 in
542 1471 607 1505 nova
616 1458 677 1505 testa
683 1456 769 1505 Later:

249 1528 419 1597 Mutantrrque
430 1530 531 1581 domum
541 1567 549 1592 ,
559 1535 624 1581 retiis
635 1533 762 1599 agrestibus
774 1535 873 1599 ignem,

283 1608 313 1659 Er
327 1605 447 1659 cellarutae
455 1608 684 1675 supposuiilecasaer

202 1680 294 1747 805Per
303 1684 412 1737 llamnras
421 1684 506 1737 saliilse
512 1706 599 1753 pecus,
612 1688 697 1739 saliilse
707 1688 823 1740 colonore

282 1763 356 1826 Quod
366 1764 395 1817 fit
404 1766 479 1815 natali
485 1782 552 1815 nunc
563 1784 660 1834 quoque
671 1803 679 1828 ,
694 1769 773 1817 Roma
783 1802 793 1832 ,
811 1782 863 1819 tuo.

249 1842 301 1909 Ipse
312 1842 379 1893 locus
389 1846 469 1893 causas
478 1848 529 1895 vati
540 1844 608 1897 facit.
619 1845 692 1895 Urbis
702 1848 772 1911 origo

281 1920 356 1971 Venit
366 1939 374 1971 r
385 1919 440 1971 ades
451 1921 513 1971 fellis
528 1958 537 1983 ,
551 1939 639 1989 magne
647 1924 761 1985 Quirine,
777 1926 830 1974 tuis.

248 1997 301 2047 Jaru
316 1998 481 2065 lueratprrnas
493 1998 565 2049 frater
578 2000 731 2060 Numitoris,
748 2003 773 2050 bt
789 2016 862 2056 omne

199 2077 247 2130 810
278 2075 401 2126 Pastorum
411 2079 509 2141 gemino
520 2078 563 2129 sub
573 2076 634 2129 duce
644 2079 729 2144 vulgus
739 2093 798 2128 erat.

248 2152 396 2204 contrahere
405 2154 502 2220 agrestes
514 2190 522 2215 ,
534 2158 558 2205 δι
566 2158 658 2205 mornia
671 2169 759 2221 ponere
770 2158 864 2222 utrique

279 2230 417 2283 Conveniet
429 2234 559 2297 ambigitur
569 2237 660 2284 moenia
670 2249 746 2299 ponat
755 2250 817 2283 uter.

247 2307 290 2359 Nil
303 2326 362 2374 opus
373 2310 424 2364 est,
439 2308 515 2371 dixit,
531 2315 679 2372 certamine,
691 2312 828 2374 Romulus,
845 2309 909 2361 ullo.

281 2386 369 2451 Magna
380 2386 439 2437 fides
448 2390 529 2441 avium
537 2390 569 2437 eli
579 2391 742 2455 :experiamur
749 2406 811 2441 aver.

197 2465 294 2534 ⁸15Res
304 2464 391 2530 piaret.
398 2465 465 2516 Alter
474 2469 521 2515 init
530 2471 652 2518 nemorosi
659 2470 713 2519 saxa
722 2467 796 2521 Palati
807 2484 816 2526 ς

200 2544 206 2547 “
280 2541 348 2593 Alter
358 2545 504 2594 Aventinum
516 2541 587 2591 mani
598 2560 713 2595 cacumen
723 2543 782 2594 adit.

248 2620 292 2670 Sex
306 2622 407 2681 Remus,
422 2624 462 2671 hic
471 2621 580 2671 volucres
592 2622 629 2670 bis
640 2624 680 2671 serr
688 2621 755 2673 videt
763 2619 849 2672 ordine
859 2640 866 2671 r
875 2624 944 2687 patio

280 2701 408 2749 stature&
425 2701 549 2749 arbitrium
561 2700 678 2750 Romulus
689 2701 752 2749 urbis
766 2701 848 2750 habet.

248 2778 310 2844 Apta
326 2776 376 2827 dies
393 2777 498 2845 legitur,
509 2778 557 2845 qui
568 2781 658 2828 menia
668 2782 746 2844 signet
757 2792 846 2827 aratro.

201 2854 248 2903 ⁸20
281 2858 351 2905 Srcra
360 2855 422 2907 Palis
432 2857 542 2907 suberant
553 2876 560 2906 r
572 2855 629 2908 inde
637 2872 749 2907 movetur
760 2872 831 2921 opus.

248 2932 318 2984 folla
329 2934 357 2983 fit
370 2932 399 2983 ad
410 2934 514 2985 solidum
528 2953 534 2983 r
547 2935 626 3001 fruger
636 2937 756 3001 jaciuntur
765 2936 792 2983 in
801 2936 869 2996 ima,

258 3065 261 3075 ,
281 3011 313 3060 Et
329 3009 358 3061 de
375 3013 533 3061 vicinorterra
545 3017 620 3079 petita
638 3012 700 3063 solo.

249 3076 319 3142 ioue
329 3089 433 3159 repletur
441 3091 517 3144 humo
529 3108 538 3153 3
550 3090 675 3159 plenaque
684 3091 818 3159 imponitur
826 3103 884 3151 arar
