2334 3917
274 436 340 499 174
399 412 443 480 Ρ.’
483 412 637 479 Ονιυιι
673 415 868 479 NAroure

223 522 349 598 115thue
362 548 445 597 parum
459 530 553 581 validus
563 548 614 581 non
625 530 774 597 proficientia
784 535 860 583 testor

301 608 408 659 Cervicis
419 605 501 673 rigidae
513 607 579 657 frena
587 611 688 658 remittit
698 626 760 675 equo
770 629 778 667 3

266 686 323 745 sie,
336 702 385 735 non
394 685 443 752 qud
454 685 549 741 voluit,
562 684 604 735 sed
617 685 667 751 qud
678 690 740 752 rapit
748 690 852 753 impetus
862 686 951 750 unde,

300 765 415 828 Aurigam
425 760 497 813 video
506 763 559 815 vela
567 760 657 813 dedisse
668 761 721 814 rati.

270 836 343 899 Quod
354 840 506 887 nisimutattr
514 840 619 886 emiserit
629 838 713 887 lfolus
722 856 788 889 aurae
803 875 812 901 ,

222 930 266 961 120
302 916 329 964 ln
340 915 394 964 loca
404 919 453 981 jam
464 916 533 964 nobis
543 932 594 965 non
604 913 713 965 adeunda
721 916 793 966 ferar.

271 991 333 1042 Nam
352 992 450 1058 procul,
463 993 563 1054 Illyricis
577 993 638 1043 laevi
645 992 676 1043 de
686 1009 752 1059 parte
762 995 866 1059 relidls,

303 1068 429 1118 Interdilia
438 1072 498 1119 mihi
509 1074 614 1121 cernitur
625 1072 703 1122 ltalia.

270 1147 370 1197 Desinat
385 1149 413 1197 in
425 1151 526 1208 vetites,
541 1150 642 1213 quaeso,
660 1149 804 1200 contendere
817 1166 902 1207 terrm,

303 1224 334 1273 Et
344 1241 439 1274 mecum
449 1242 537 1291 magno
553 1242 633 1291 pareat
643 1244 700 1276 aura
710 1228 773 1278 Deo.

226 1302 339 1378 125Durn
349 1302 453 1368 loquor,
472 1306 497 1352 δι
517 1308 588 1368 cupio
598 1308 685 1369 pariter
696 1309 817 1373 timeoque
827 1306 928 1369 revelli,

305 1382 424 1445 increpuit
432 1384 525 1447 quantit
536 1383 626 1432 viribus
636 1381 700 1435 unda
710 1383 784 1434 latur!

272 1460 381 1512 Parcite,
394 1458 505 1520 eaerulei,
520 1477 562 1510 vos
574 1464 677 1525 partite,
690 1466 789 1512 numine
799 1466 886 1528 ponti3

305 1536 465 1603 lnfeslumque
484 1540 545 1587 mihi
564 1542 596 1587 sit
612 1540 667 1589 satis
683 1536 730 1588 effe
744 1540 838 1590 lovem.
927 1556 930 1559 ·

273 1615 324 1664 Vos
334 1616 437 1665 animam
449 1617 514 1665 saevae
522 1612 606 1665 fessam
616 1614 739 1667 subducite
750 1622 840 1677 morti3

230 1720 276 1765 ,30
310 1694 334 1743 Si
349 1691 439 1755 modd,
452 1697 493 1760 qui
505 1697 593 1759 periit,
605 1711 656 1744 non
666 1692 759 1761 periisse
770 1696 854 1761 potesl.

285 1837 962 1913 meg--ffl--y

235 1954 237 1959 ’
443 1982 816 2046 Enuoirru

279 2071 358 2201 01
375 2158 439 2193 urire
449 2143 500 2209 post
509 2143 570 2195 ullos
579 2161 713 2213 numquam
719 2142 873 2197 memorande
881 2142 991 2207 sodales,

309 2220 331 2268 Ο
341 2219 347 2268 l
360 2224 398 2269 cui
406 2221 524 2286 precipui·
533 2225 582 2273 sors
593 2239 646 2273 mea
653 2228 702 2276 visa
710 2227 751 2273 sua
760 2224 807 2282 est3

277 2298 415 2355 Attonitum
425 2302 466 2365 qui
477 2317 534 2361 me,
550 2305 651 2351 memini
664 2337 671 2361 ,
684 2305 803 2351 carusime
814 2335 824 2364 ,
834 2304 923 2367 primus

309 2378 383 2425 Ausus
395 2394 418 2425 es
427 2377 536 2445 alloquio
546 2377 675 2429 sullinuiffe
687 2396 742 2431 tuor

249 2475 258 2520 5
281 2455 327 2516 Qui
339 2458 398 2504 mihi
410 2456 641 2509 consiliumvlvendi
653 2461 711 2507 mite
724 2456 809 2507 dedisti

315 2532 380 2583 cum
396 2534 458 2585 foret
473 2539 498 2583 in
513 2538 601 2585 misero
613 2539 707 2600 pectore
718 2540 801 2585 mortis
812 2552 896 2586 amor:

278 2614 328 2664 Scis
342 2614 402 2663 bene
414 2649 422 2673 ‚
434 2617 472 2663 cui
483 2612 562 2665 dicam
574 2648 581 2673 ,
597 2617 681 2678 positis
691 2631 734 2679 pro
746 2618 844 2663 nomine
854 2617 945 2679 signis,

312 2690 425 2741 Officium
435 2708 478 2741 nec
491 2708 513 2740 te
524 2692 605 2751 sellie,
619 2694 715 2749 amice,
731 2708 809 2741 tuum.

280 2770 336 2819 Haec
352 2773 411 2819 mihi
427 2772 518 2835 semper
528 2785 597 2819 erunt
606 2772 662 2819 imis
669 2768 742 2819 infixa
751 2767 883 2830 medullis,

234 2857 264 2889 10
314 2848 488 2914 Perpetuusque
500 2850 585 2897 animae
596 2845 692 2897 debitor
702 2850 771 2913 huius
781 2864 831 2896 ero.

281 2926 379 2989 Spiritus
395 2929 420 2974 δι
431 2941 515 2976 vacuas
525 2925 590 2989 priris
600 2927 639 2974 hic
648 2924 779 2975 tenuandus
787 2928 812 2974 in
822 2940 891 2974 aurae

314 3002 379 3055 Ibit,
397 3007 420 3052 ὃ(
432 3006 456 3051 in
469 3000 549 3067 tepido
560 3001 651 3051 deseret
662 2999 713 3051 offa
725 3009 802 3067 rogo:

282 3078 468 3139 Quimsubeanr
476 3083 557 3131 animo
568 3083 709 3131 meritorum
722 3081 812 3132 oblivia
821 3081 921 3140 noluo.
