2334 3917
269 368 316 435 86
348 352 351 358 '
387 366 431 438 P.
462 369 619 440 Ovrnrr
650 373 848 448 Naroma

217 486 332 549 795Quld
346 486 439 539 dederit
454 490 563 551 volucri,
579 495 599 541 ri
610 498 646 545 vis
662 501 823 562 cognoscere,
834 499 948 562 culum}

299 568 412 616 Saturnus
421 571 499 632 regnis
513 570 543 618 ab
555 571 614 621 Jove
624 574 704 638 pulsus
713 592 772 626 erat.

265 641 383 695 Concitet
396 646 468 695 iratus
479 646 572 697 validos
580 651 679 701 Titauar
689 656 714 702 in
728 672 793 705 uma
804 690 814 715 ‚

297 721 404 788 Quaque
419 723 467 773 fuir
482 724 537 775 faris
549 725 648 789 debita,
663 733 741 795 poscit
754 750 837 797 opem.

263 798 344 849 Matre
354 803 416 851 sarua
427 804 517 863 Terta,
533 807 668 858 monstrum
680 801 805 875 mirabile,
817 826 898 861 tantur

215 876 264 925 800
297 877 365 928 Parte
376 880 411 928 sui
422 882 515 946 serpens
522 884 650 947 posteriore
660 887 715 938 fuit.

264 954 336 1005 Hunc
350 958 440 1023 triplici
450 976 521 1009 muro
530 961 589 1010 lucis
598 964 727 1016 incluserat
737 971 793 1017 atria
804 971 816 1029 ζ

296 1035 422 1083 Parcarum
433 1041 545 1097 rnouiru,
560 1041 618 1101 styx
627 1043 755 1105 violenta,
769 1049 853 1095 trium.

263 1112 359 1161 Viscera
370 1116 411 1179 qui
422 1117 483 1162 tauri
494 1114 600 1166 flammis
608 1118 728 1171 adolenda
735 1120 852 1185 dedisset,

295 1192 350 1239 Sors
361 1203 540 1250 erat,‘areruos
549 1198 645 1246 vincere
658 1197 725 1262 polle
734 1200 808 1249 Deos.
961 1265 964 1272 ι

215 1262 378 1328 io5lmmolar
395 1273 458 1319 hunc
479 1272 585 1323 Briareus
601 1276 663 1327 iasii
678 1295 707 1327 ex
724 1276 850 1328 adamante
863 1280 952 1328 securi:
966 1300 969 1308 ¹

294 1344 325 1394 Et
336 1349 385 1411 Janr
394 1351 444 1412 jam
453 1348 554 1399 flammis
566 1369 619 1402 exta
629 1352 726 1404 daturus
736 1372 794 1405 erar.

261 1420 367 1487 luppiter
384 1423 480 1475 alitibus
491 1444 572 1493 rapere
583 1433 687 1495 imperat
699 1452 705 1481 ι
717 1434 800 1483 attulit
809 1432 847 1482 illi

294 1500 403 1551 Miluus:
417 1507 441 1553 bt
458 1509 548 1556 meritis
559 1511 626 1559 venir
639 1513 665 1559 in
679 1512 738 1561 astra
748 1514 804 1561 suit.

182 1582 183 1585 ’
261 1576 332 1627 UNA
343 1577 392 1629 dics
402 1582 536 1643 mediaest,
550 1589 574 1634 bc
587 1586 650 1637 fiunt
659 1590 860 1647 sacraMinervaet

214 1660 262 1710 liro
295 1656 450 1726 Nominaque
462 1679 474 1711 a
484 1665 569 1728 junilii
581 1668 687 1732 quinque
695 1665 777 1716 diebus
785 1669 881 1716 babent.

261 1737 378 1801 Sanguine
392 1742 470 1805 prima
484 1756 554 1791 vacat
566 1760 572 1789 z
586 1759 629 1792 nec
643 1743 678 1793 sas
689 1760 830 1794 concurrere
841 1744 916 1794 ferro.

293 1814 389 1877 Causa,
401 1818 469 1884 quod
481 1819 513 1869 est
523 1819 566 1870 illa
580 1837 636 1873 nara
647 1823 757 1874 Minerva
767 1822 816 1873 die.

260 1892 355 1955 Altera,
372 1911 465 1965 tresque
478 1902 545 1965 super
557 1900 628 1950 strati
639 1894 790 1951 celebrantur
799 1900 879 1951 aren&

291 1972 393 2023 Ensibus
404 1978 498 2027 exsertis
512 1977 599 2027 bellica
608 1978 662 2028 laeta
672 1978 724 2029 Dea
734 1980 775 2029 est.

212 2049 356 2115 815Pallada
366 2068 430 2102 nunc
440 2058 506 2119 putri
518 2071 650 2123 teneraque
661 2072 745 2107 ornate
756 2055 849 2122 puelle.

293 2128 340 2188 Qui
356 2130 415 2179 bene
430 2132 531 2201 placirit
542 2126 639 2185 Pallada
652 2134 735 2185 <lodus
747 2140 801 2185 erit.

259 2196 355 2256 Pallade
366 2208 475 2272 placari,
487 2210 566 2261 lanam
576 2212 687 2269 mollite,
704 2214 789 2280 puella
796 2248 806 2275 ,

290 2284 381 2334 Discite
391 2290 441 2352 jam
452 2288 533 2353 plenas
544 2307 670 2340 exonerare
678 2292 755 2341 color.

257 2360 302 2411 Illa
313 2366 384 2413 etiam
394 2365 478 2415 stanter
486 2366 554 2417 radio
565 2386 700 2434 percurrere
711 2370 770 2419 telae

210 2443 258 2491 820
291 2438 390 2501 Erudit,
407 2447 432 2492 bc
448 2460 527 2495 rarum
541 2448 632 2511 pearne
643 2446 726 2498 denset
736 2464 806 2513 opus.

208 2546 211 2552 ·
257 2516 326 2568 Hanc
341 2520 413 2582 cole,
427 2525 469 2589 qui
480 2523 585 2574 maculas
594 2526 653 2574 laesia
662 2525 691 2574 de
699 2527 803 2576 vestibus
813 2524 889 2575 aufers
900 2542 913 2585 ς

290 2597 358 2648 lianc
374 2601 444 2661 cole,
455 2601 581 2652 velleribus
592 2605 698 2670 quiaquia
706 2610 763 2654 a'e‘ua
773 2620 848 2669 paras.

256 2674 309 2725 Nec
326 2680 451 2745 quitquam
462 2678 537 2733 inviti
547 2682 619 2732 faciat
631 2685 690 2731 bene
700 2682 796 2733 vincula
807 2680 897 2747 planta

290 2755 406 2813 Pallade,
422 2762 453 2810 ait
467 2760 562 2825 Tychio
573 2760 665 2811 doaior
676 2761 718 2809 ille
730 2761 795 2810 licet.
854 2818 856 2822 ¹

207 2825 286 2891 825Et
296 2832 353 2883 licet
362 2841 462 2903 antiquo
472 2840 580 2889 manibus
591 2839 694 2889 collatus
703 2838 770 2904 Epeo

288 2912 323 2961 Sit
330 2916 410 2977 pri0t3
424 2916 485 2966 irati
496 2916 613 2976 Pallade,
630 2933 729 2967 mancus
745 2919 800 2966 erit.

255 2989 306 3039 Vos
322 3008 433 3061 quoque,
443 2994 546 3043 Phoebeai
558 2998 655 3044 morbos
666 2997 708 3060 qui
719 2994 810 3058 pellitis
820 3008 887 3058 atta,

287 3068 388 3119 Munera
399 3067 430 3119 de
439 3071 518 3123 vestris
527 3090 603 3139 pauca
609 3074 695 3123 referre
705 3073 772 3123 Dece.
