2334 3917
273 412 342 495 326
408 400 450 474 Ρ.
473 404 628 473 Orrnrr
649 401 845 473 NAsonrs
900 396 906 399 ’

300 526 430 593 Tinssaque
442 526 567 577 mortiferi
577 528 632 577 tabe
643 528 726 593 sagitta
733 526 833 577 madere

268 602 339 663 Quod
350 604 434 669 procul
444 608 494 655 haec
505 609 571 671 regio
581 606 629 665 est,
639 610 664 655 δι
672 608 701 656 ab
710 609 778 655 omni
786 604 855 655 devia
862 602 950 663 tursu3

299 681 349 731 Nec
355 680 416 747 pede
426 682 477 749 qui>
487 688 630 751 quisquam,
646 702 690 735 nec
700 700 751 735 rate
762 720 771 744 ‚
783 700 848 733 tutus
856 698 905 732 eat.

266 758 323 808 Non
333 762 406 825 igitur
414 766 517 822 mirum,
530 761 603 813 finem
610 764 768 829 querentibus
778 763 865 810 hortun

219 834 249 883 30
298 837 380 887 Altera
387 842 407 887 si
416 841 486 889 nobis
497 857 570 906 usque
581 857 677 906 rogatur
687 843 783 889 humus.

267 914 303 963 Te
314 919 388 982 magis
399 917 431 965 est
441 920 529 967 mirum
540 933 590 966 non
600 920 648 967 hoc
659 921 783 976 evincere,
796 918 885 981 conjux
896 930 905 972 3

300 994 374 1059 Inque
387 998 444 1044 meis
456 995 572 1058 lacrymas
579 992 646 1059 posse
656 1011 735 1044 tenere
743 994 821 1043 malis.

268 1070 334 1133 Quid
344 1072 430 1132 facias,
442 1077 542 1139 queris?
551 1090 641 1139 quaeras
651 1076 699 1122 hoe
707 1072 798 1122 scilicet
808 1074 903 1137 ipsum:

300 1151 423 1211 Invenies,
437 1150 491 1201 vere
502 1156 521 1200 si
531 1154 633 1216 reperire
641 1151 717 1201 voles.

221 1239 246 1288 ⁵5
268 1229 336 1279 Velle
347 1246 430 1294 parum
442 1230 474 1279 est
487 1249 493 1278 ι
504 1233 599 1295 cupias,
610 1245 672 1279 utre
685 1231 800 1294 potiaris,
816 1242 932 1292 oportet3

298 1308 328 1357 Et
335 1308 407 1357 faciat
417 1310 514 1357 somnos
526 1311 575 1357 haec
587 1309 632 1357 tibi
642 1324 698 1357 tura
706 1308 797 1356 breves.

265 1384 333 1433 Velle
344 1402 396 1433 reor
404 1386 493 1435 multos
503 1404 509 1434 ι
521 1389 573 1451 quis
583 1389 649 1435 enim
659 1387 720 1435 mihi
731 1400 781 1435 tam
792 1386 822 1433 sit
832 1386 945 1451 iniquus,

297 1463 371 1528 Optet
381 1463 524 1513 utensilium
532 1480 590 1529 pace
597 1480 675 1513 carere
682 1466 782 1513 meum?

264 1542 359 1591 Pesiore
371 1558 392 1590 re
404 1556 474 1603 toto,
487 1545 624 1610 cuneisque
638 1544 775 1591 incumbere
788 1541 887 1599 nervis,

216 1622 248 1665 40
297 1620 328 1669 Et
336 1622 380 1669 niti
388 1637 431 1685 pro
442 1637 481 1671 me
493 1624 562 1669 noste
575 1620 661 1689 dieque
669 1618 748 1669 decet.

263 1697 345 1764 thue
355 1702 437 1764 juvent
447 1699 504 1758 alii,
517 1712 541 1747 tu
554 1697 625 1749 debes
631 1702 726 1747 vincere
737 1699 844 1751 amicos.

296 1777 376 1835 Uxor3
390 1782 414 1827 δε
425 1775 456 1826 ad
468 1792 544 1841 partes
555 1780 633 1841 prima
644 1778 726 1825 venire
737 1789 798 1825 tuas.

263 1855 353 1919 Magna
365 1857 408 1905 tibi
419 1858 531 1921 imposita
543 1854 575 1903 est
584 1856 669 1904 nostris
681 1855 780 1920 persons
791 1852 894 1902 libellisi

295 1932 413 1997 Coniugis
425 1934 562 1999 exemplum
572 1932 658 1983 diceris
665 1931 712 1981 esic
721 1934 799 1981 bonae.

213 2016 241 2057 ⁴5
262 2011 329 2061 Hanc
340 2026 396 2061 cave
410 2010 550 2077 degeneress
562 2028 590 2062 ut
599 2016 647 2061 sint
656 2000 775 2077 preconia
784 2008 865 2059 nostra

294 2088 373 2147 Vera,
389 2088 444 2137 vide
451 2106 459 2148 3
473 2092 549 2139 Fame
560 2105 610 2155 quo
622 2092 708 2139 tuearis
717 2104 786 2154 opus.

262 2164 295 2214 Ut
303 2166 363 2215 nihil
372 2166 420 2231 ipse
431 2182 529 2232 querar,
542 2170 617 2217 tacito
627 2184 683 2226 me,
695 2168 768 2217 Fama
776 2179 906 2233 queretur,

294 2242 351 2305 Quae
363 2242 434 2293 debet
446 2262 453 2303 3
465 2244 536 2293 fuerit
546 2247 571 2293 ni
580 2246 687 2294 ribicura
696 2248 754 2294 mei,

260 2321 374 2387 Exposuit
388 2336 441 2373 mea
458 2340 496 2373 me
508 2322 599 2389 populo
611 2325 718 2373 fortune
725 2320 858 2373 videndum
868 2338 878 2382 3

213 2400 242 2444 5⁰
291 2400 321 2449 Et
336 2400 504 2466 plusnoritiae,
517 2404 593 2469 quim
602 2402 727 2461 fumante,
738 2398 817 2451 dedit.

258 2478 348 2527 Notior
360 2479 393 2527 est
403 2478 476 2529 fastus
490 2480 615 2545 Capaneus
628 2496 642 2530 a
652 2481 761 2529 fulminis
771 2482 835 2529 isius

291 2556 369 2607 Notus
377 2560 452 2607 humo
459 2560 540 2607 mersis
547 2559 703 2623 Amphiaraus
713 2560 788 2624 equis.

258 2635 286 2683 si
297 2638 375 2684 minus
386 2634 494 2696 errasset,
507 2652 577 2688 notus
588 2640 667 2687 minus
678 2634 736 2687 esset
746 2632 855 2700 Ulyssem
954 2664 957 2669 ·

293 2712 383 2778 Magna
394 2714 530 2764 Philonem
540 2715 638 2765 vulnere
649 2715 715 2767 fama
725 2716 767 2764 suo
777 2714 820 2763 est.

211 2802 237 2846 ις
258 2791 281 2839 Si
294 2790 359 2841 locus
368 2792 401 2841 est
412 2791 496 2857 aliquis
506 2796 645 2842 tantainter
655 2794 857 2857 nomimavit,

290 2866 341 2916 Nos
352 2886 447 2935 quoque
457 2872 597 2935 conspicuos
604 2870 682 2921 nostra
693 2874 760 2919 ruina
772 2870 840 2920 facit.

258 2945 310 2997 Nec
321 2962 343 2995 te
354 2950 437 2997 nesciri
448 2952 537 3014 petitur
544 2964 599 2998 mea
606 2951 706 3014 pagiua,
716 2947 765 3015 qui
773 2964 825 2997 non

290 3022 390 3073 inferius
401 3024 456 3075 Coi
466 3024 561 3075 Bittide
571 3040 661 3074 nomen
669 3025 750 3073 habes.

258 3098 380 3167 Quicquid
391 3116 446 3168 ages
455 3104 542 3168 igitur,
552 3103 623 3158 sesni
630 3103 762 3168 spectabere
770 3102 877 3167 magnis
