2334 3917
286 386 426 478 Error.
443 423 498 497 nx
510 383 663 475 Pouro
676 398 797 483 LIII.
836 420 901 489 347

212 542 889 615 amaiffimn

323 672 663 737 EPISTOLA
702 672 775 733 IX.

424 808 670 869 BRUTO.

203 901 325 1029 Quor>
337 969 399 1018 sitin
411 970 446 1017 his
458 968 541 1019 eadem
551 970 680 1023 sententia,
691 967 780 1026 Brute,
792 966 897 1027 libellis,

224 1044 339 1094 Carmina
356 1048 434 1095 nescio
450 1064 521 1112 quem
536 1062 632 1111 carpere
649 1046 727 1094 nostra
744 1044 836 1093 refers:
897 1048 900 1056 '

191 1120 234 1171 Nil
251 1125 296 1171 nisi
311 1139 371 1182 me,
392 1122 452 1171 terrtl
471 1124 534 1173 fruar
551 1138 577 1171 ur
592 1126 718 1189 propiore,
736 1138 839 1187 rogare3
878 1121 880 1124 ’

226 1201 270 1259 Er,
289 1201 362 1265 quim
379 1204 422 1249 situ
439 1199 511 1251 denso
526 1204 615 1250 cimbrus
631 1202 660 1249 ab
677 1200 761 1257 holle,
779 1202 855 1264 queri.

193 1278 230 1326 Ol
254 1278 327 1343 quim
346 1276 376 1326 de
393 1280 474 1327 multis
490 1283 575 1329 vitium
593 1276 771 1343 reprehenditur
782 1276 870 1325 unum!
924 1285 934 1332 5
952 1296 955 1303 ¹

225 1354 278 1403 Hoc
294 1370 375 1418 peccat
389 1355 466 1405 solum
485 1360 504 1405 si
525 1374 578 1405 mea
595 1357 682 1413 Musa,
695 1355 754 1404 bene
765 1354 806 1403 eii.

192 1428 244 1493 lpse
263 1446 307 1493 ego
324 1430 439 1480 librorum
456 1431 526 1483 rideo
541 1433 627 1483 deliria
642 1450 773 1491 meorum

226 1506 291 1557 Crini
309 1508 349 1557 sun
365 1510 418 1574 plus
438 1510 498 1575 justo
517 1514 623 1561 carmina
640 1514 738 1575 quisque
754 1510 847 1573 probet.

193 1585 280 1633 Αυᾶοτ
301 1601 360 1649 opus
379 1584 461 1635 laudat
473 1604 479 1634 t
492 1589 525 1635 sic
547 1586 647 1635 forsitan
666 1586 750 1649 Agrius
764 1586 825 1634 olim

226 1662 350 1710 Thersiten
369 1663 429 1713 facie
448 1662 535 1713 dixerit
548 1660 595 1711 effe
607 1662 679 1711 boul.
927 1681 956 1714 ro

193 1737 314 1789 ludicium
332 1755 411 1790 tumen
429 1742 469 1791 hic
486 1742 593 1790 nostrum
610 1757 660 1788 non
679 1738 767 1803 decipit
780 1756 863 1798 error3

227 1816 277 1866 Nec
298 1818 413 1883 quitquid
431 1821 520 1883 genui,
539 1821 648 1882 protinus
664 1815 728 1865 illud
743 1833 808 1867 amo.

194 1892 247 1945 Cur
267 1898 359 1960 igitur,
376 1898 394 1943 si
411 1913 450 1945 me
468 1893 563 1944 videam
582 1892 740 1960 delinquere,
758 1902 874 1959 peccem?

227 1972 257 2021 Et
275 1976 350 2038 patiar
368 1974 455 2037 scripto
474 1976 564 2021 crimen
581 1968 671 2032 ineffe,
686 1978 773 2037 rogas?

194 2048 252 2099 Non
264 2048 346 2098 eadem
359 2054 419 2099 ratio
431 2050 462 2099 est
470 2084 478 2110 ,
499 2051 584 2098 sentire
604 2053 628 2097 bt
644 2048 739 2099 demere
753 2051 850 2099 morbos
867 2069 873 2098 r
928 2071 954 2118 15

226 2129 310 2176 Sensus
320 2129 378 2177 inest
388 2131 492 2186 tundis,
507 2127 602 2177 tollitur
611 2142 663 2177 arte
675 2127 778 2177 malurn.

195 2206 259 2269 Saepe
270 2204 368 2270 aliquod
380 2208 476 2270 cupiens
486 2207 587 2255 verbum
603 2221 712 2265 mutate,
726 2206 835 2271 relinquo
845 2223 853 2262 5

228 2278 349 2328 iudicium
365 2286 425 2330 vires
446 2280 623 2347 destituuntque
641 2299 731 2331 rneum.
786 2282 788 2286 '

194 2357 260 2420 Saepe
277 2359 360 2420 piget,
377 2356 436 2421 quid
453 2361 517 2405 enirn
533 2355 641 2405 dubitent
660 2358 704 2406 tibi
719 2374 774 2408 vera
789 2356 875 2406 fateri?
918 2402 920 2407 ,

228 2432 355 2497 Corrigere
369 2468 377 2491 ,
393 2437 418 2481 bt
436 2432 502 2499 longi
521 2432 581 2481 ferte
600 2433 687 2482 laboris
703 2449 772 2483 onus.
928 2452 959 2490 ιο

197 2509 343 2559 scribentem
354 2513 420 2575 juvat
437 2512 485 2574 ipse
501 2510 585 2569 favor,
600 2513 735 2576 minuitque
751 2512 877 2570 laborem3

229 2584 343 2651 Cumque
358 2588 400 2635 suo
416 2590 520 2635 crescent
536 2588 630 2651 pedore
646 2586 722 2637 fervet
737 2605 805 2654 opus.

194 2662 323 2729 Corrigere
342 2679 416 2713 atres
434 2664 466 2713 est
483 2680 550 2713 tanto
566 2667 641 2729 magis
659 2662 753 2725 ardun,
772 2682 863 2733 quanto

229 2743 332 2807 Magnus
342 2742 475 2792 Aristarcho
491 2745 568 2807 major
583 2742 701 2791 Homerus
715 2759 773 2792 erat.

196 2822 234 2870 sic
254 2824 361 2869 animum
378 2820 444 2870 lento
462 2836 572 2869 curarum
591 2819 679 2885 frigore
691 2818 778 2880 ledit,
929 2839 956 2889 25

230 2897 266 2948 Ut
281 2896 362 2964 cupidi
380 2900 460 2947 cursor
477 2898 543 2947 frena
560 2911 663 2947 retentat
684 2901 748 2964 equi.

198 2977 275 3041 Atque
289 2980 323 3025 ita
338 2974 372 3025 Dl
391 2980 461 3026 mites
477 2979 587 3025 minuant
605 2977 667 3025 mihi
686 2975 785 3027 Caesarit
801 2979 861 3027 iram
870 3012 881 3042 ‚

232 3050 335 3121 Offrque
353 3054 439 3121 pacati
452 3054 531 3106 nolite
548 3067 659 3121 tegantur
678 3055 776 3115 hurn03

744 3134 804 3206 ij
