2334 3917
295 428 567 496 Turturum
597 424 700 493 Lru.
742 425 787 493 V.
825 448 889 510 273

180 544 262 612 thue
274 544 408 595 solebamus
420 547 558 594 consumere
569 543 641 610 longa
652 541 776 611 loquendo

214 625 352 688 Tempora,
364 625 499 672 sermonem
510 619 636 680 deficiente
646 619 700 679 diet

131 699 138 708 ⁸
179 704 218 752 Sic
236 702 297 752 ferat
311 716 338 750 ac
352 700 439 750 referat
450 704 532 749 tacitas
543 717 605 748 nunc
617 700 686 750 litera
696 717 778 750 voces:

184 822 188 827 .
212 780 243 830 Et
261 793 374 844 peragant
390 777 476 842 lingua
494 781 574 829 charra
588 782 800 843 munusquevices·
912 784 941 830 30

179 854 253 916 Quod
264 856 331 915 fore,
342 856 483 904 neuimitim
494 853 575 904 videar
583 853 708 910 diffidere,
717 858 794 922 sitque

211 933 322 982 Versibus
333 931 373 981 hit
391 934 471 996 paucis
483 929 631 982 admonuisse
643 934 697 982 satis
709 951 715 980 t

77 1039 78 1045 κ
177 1009 282 1073 Accipe,
293 1026 342 1074 quo
352 1010 443 1076 semper
454 1007 536 1057 linitur
550 1008 649 1073 epistola
659 1011 732 1059 verbo
744 1044 752 1070 ‚

209 1087 288 1150 Atque
299 1089 358 1135 meis
371 1084 458 1137 distent
467 1100 494 1135 ut
504 1101 544 1136 tua
555 1086 621 1146 ἕως
634 1087 701 1137 Vale.

191 1226 867 1302 e====wffi==a2r

326 1372 575 1449 ELEGIA
616 1386 737 1450 XIV.

118 1538 122 1547 ’
178 1481 338 1611 Ouum
356 1547 400 1598 tibi
411 1544 520 1597 dederint
531 1547 603 1596 nostri
617 1563 773 1602 monumenta
784 1550 874 1611 libelii,

206 1623 245 1672 0!
255 1626 316 1672 mihi
325 1641 365 1674 me
374 1627 463 1690 conjux
478 1627 571 1685 carior,
583 1627 634 1690 ipsa
649 1623 724 1675 vides.

77 1732 78 1741 r
173 1701 290 1751 Detrahat
301 1704 390 1752 audiori
399 1701 504 1752 multum
515 1703 620 1750 Fortuna
632 1701 730 1765 licebitj
787 1765 788 1770 ¹

206 1779 246 1827 Tu
257 1793 337 1828 nmen
347 1780 444 1844 iugenio
453 1778 517 1826 clara
525 1776 599 1826 ferire
609 1795 673 1829 meo.
693 1839 695 1844 Ι

172 1854 286 1921 Dumque
296 1854 360 1919 legar
370 1889 379 1910 ‚
390 1870 488 1904 metum
499 1858 586 1921 pariter
597 1868 637 1905 tua
647 1854 712 1906 fama
722 1856 826 1924 legetur:
905 1875 918 1926 ς

205 1932 256 1981 Nec
273 1948 340 1998 potes
350 1935 376 1982 in
394 1931 486 1982 mastos
497 1935 576 1982 omnis
587 1934 651 1982 abire
662 1949 742 2000 rogos.

172 2007 286 2076 Ctlmqut
296 2013 343 2061 viri
354 2012 408 2060 casu
419 2013 494 2076 possis
504 2009 639 2062 miseranda
650 2010 743 2075 videri,

204 2088 311 2139 invenies
321 2088 429 2154 aliquas,
440 2104 492 2154 quae
500 2123 509 2149 ‚
518 2087 585 2155 quod
594 2107 632 2151 es,
645 2087 786 2143 effettlintt

170 2163 230 2226 Qua
246 2179 285 2219 re,
296 2164 431 2214 nostrorum
443 2164 498 2214 ctlm
509 2169 539 2214 sis
549 2169 575 2215 iu
584 2182 651 2233 parte
662 2168 781 2220 malorum
793 2189 802 2231 3

203 2241 308 2291 felicem
323 2240 421 2298 dicant,
432 2241 601 2310 invideantque
614 2248 667 2295 ribi.
903 2269 931 2302 ro

169 2317 228 2368 Non
237 2334 284 2385 ego
290 2354 299 2380 ,
311 2318 405 2370 divitias
416 2318 497 2370 dando
505 2323 567 2383 tibi,
578 2323 648 2388 plura
658 2321 783 2374 dedifftm.

201 2396 244 2444 Nil
255 2395 315 2447 feret
327 2394 358 2446 ad
367 2414 448 2448 manes
459 2396 540 2448 divitis
551 2401 636 2449 umbra
647 2403 711 2450 suos.

167 2473 278 2539 Perpetui
289 2473 391 2524 frustum
403 2473 492 2526 donavi
501 2480 607 2525 numinis
617 2496 624 2524 t
636 2475 726 2543 idque,

199 2551 256 2612 Quo
269 2550 326 2602 dare
336 2553 371 2602 nil
382 2559 451 2619 potui
460 2573 558 2606 munere
566 2561 660 2622 majus,
671 2557 753 2606 habet.

166 2626 253 2689 Adde,
265 2627 351 2695 quod,
367 2647 394 2680 ur
405 2647 484 2685 rerum
494 2632 545 2682 sola
555 2650 580 2682 es
591 2633 667 2684 tutela
676 2646 800 2691 mearum,
904 2660 928 2704 ,5

198 2702 238 2754 Ad
249 2719 272 2756 te
282 2722 332 2755 non
339 2710 405 2772 parri
415 2710 585 2758 venithonoris
593 2725 662 2759 onus.

166 2779 241 2842 Quod
247 2798 380 2848 numquam
390 2800 437 2833 vor
447 2784 479 2834 est
491 2782 520 2834 de
531 2801 554 2835 te
565 2803 620 2836 mea
631 2802 698 2836 muta
705 2819 714 2848 ,
726 2789 807 2851 tuique

196 2856 296 2908 Jtrdiciit
306 2857 377 2909 debes
389 2858 434 2909 eise
448 2863 546 2926 superba
554 2867 609 2913 viri.

78 2930 79 2943 ¹
165 2935 225 2996 Qua
234 2952 264 2985 rte
275 2939 328 3002 quit
335 2941 410 3002 possit
423 2943 546 2988 temeraria
557 2938 651 3000 dicere,
669 2939 767 3005 praesta:

196 3013 229 3063 Et
242 3017 331 3078 pariter
340 3017 406 3067 serva
414 3033 499 3083 meque
507 3020 618 3084 piamque
627 3017 710 3070 fidem.
900 3034 930 3065 ιο

164 3089 229 3140 Nam
247 3106 305 3155 tua,
316 3091 375 3143 dum
386 3094 509 3158 stetimus,
523 3099 587 3162 turpi
599 3098 648 3146 siue
659 3099 758 3146 erimine
771 3101 872 3155 mansit,

710 3179 775 3232 Mu
