2334 3917
279 408 343 497 378
420 408 463 475 P.
493 410 651 477 Ovrnrr
671 413 868 482 NAsortrr

308 525 388 587 Qurm
399 525 486 578 domur
495 530 602 595 Augusto
613 535 751 583 continuata
759 535 837 593 For03

275 606 354 667 Quam
364 622 417 667 tua,
430 623 469 656 rus
479 608 556 657 oculis
566 607 679 673 domini,
691 611 841 679 Campania,
852 626 967 677 gratum,

305 689 412 755 Quaeque
425 689 506 738 terrea
517 690 577 750 tibi,
589 692 672 751 Sexte,
686 692 726 743 vel
736 708 801 741 emta
812 708 878 741 tenes
890 709 898 739 e

274 770 335 818 Tam
347 782 401 817 tuus
412 784 442 817 en
453 784 497 833 ego
507 769 559 816 sum
571 784 579 819 t
591 774 657 833 cnjus
669 785 692 819 te
702 787 800 820 munere
809 771 869 821 tristi

226 880 257 913 te
304 846 363 897 Nou
373 849 475 912 poterin
486 848 563 895 Ponto
573 845 652 896 dicere
662 850 748 897 habere
757 848 828 898 nihil.

253 958 258 967 ·
273 926 352 991 Atque
363 926 456 973 urinam
467 924 552 989 possit!
567 928 591 972 δι
601 923 671 973 detur
680 927 780 975 amicius
790 926 891 977 arvum!

305 1002 414 1067 Remque
425 1016 491 1049 tuam
502 1018 575 1067 ponar
585 1005 611 1050 in
619 1002 719 1052 meliore
731 1004 800 1053 loco!

273 1079 346 1141 Quod
357 1083 471 1147 quoniam
482 1078 619 1141 invisert,
631 1095 697 1131 tenta
707 1082 780 1131 lenire
792 1079 915 1147 precando

306 1159 432 1218 Numina,
450 1157 563 1224 perpetui
581 1174 634 1223 quae
650 1162 739 1224 pietate
757 1160 828 1210 colis.

227 1237 254 1284 ²5
274 1238 365 1289 Erroris
376 1254 432 1287 nam
443 1251 484 1295 tu,
495 1238 535 1287 vix
546 1236 578 1285 est
589 1235 731 1298 decernere,
742 1237 816 1288 nostri

306 1320 341 1369 Sis
351 1332 518 1381 argumentum
529 1320 622 1381 majus,
634 1332 665 1365 an
676 1316 801 1367 auxilium.

273 1394 325 1445 Nec
337 1392 448 1444 dubitans
458 1411 502 1443 oro
513 1412 519 1443 =
531 1392 571 1443 sed
582 1393 682 1445 flumine
692 1396 752 1460 sepe
760 1393 866 1448 secundo

226 1526 233 1548 Ι
306 1472 411 1536 Augetur
425 1474 495 1520 ternis
504 1473 583 1521 cursus
592 1476 669 1522 euntis
681 1488 756 1538 aque.

275 1548 305 1599 Et
315 1548 405 1616 pudet,
417 1555 441 1600 &
454 1566 552 1611 metuo,
563 1552 701 1616 semperque
713 1549 845 1616 eademque
855 1552 949 1617 precari
956 1570 967 1614 5

229 1607 258 1654 3⁰
309 1628 346 1678 Ne
358 1630 456 1679 subeant
466 1632 548 1678 mimo
557 1627 627 1678 tedia
636 1630 696 1695 justa
706 1642 760 1677 ruo.

275 1707 365 1758 Verum
376 1707 436 1774 quid
448 1707 552 1757 faciam?
564 1724 600 1755 res
610 1704 770 1757 immoderata
779 1704 868 1772 cupido
879 1706 923 1760 est.

308 1787 347 1837 Da
356 1791 452 1837 veniam
464 1789 543 1845 vitio,
554 1788 620 1835 mitit
631 1789 725 1843 amice,
737 1802 802 1833 meo.

275 1868 381 1917 Scribere
394 1866 453 1929 saepe
464 1860 529 1913 aliud
541 1866 638 1928 cupiens
648 1861 748 1913 delabor
758 1862 843 1912 eddem
854 1880 861 1911 e

307 1946 358 2011 Ipsa
370 1944 450 1992 locum
463 1942 538 2006 perse
550 1941 629 1990 littera
639 1941 718 1990 nostra
726 1956 804 2006 rogat.

231 2030 255 2077 Η
277 2026 320 2075 Seu
335 2038 415 2071 tamen
427 2018 523 2069 effectus
535 2020 644 2089 habitura
654 2020 687 2068 est
697 2022 789 2084 gratia,
801 2020 840 2067 seu
851 2034 892 2068 me

308 2100 375 2149 Dura
385 2100 452 2164 jubet
461 2096 543 2162 gelido
554 2098 628 2145 Parce
637 2099 681 2145 sub
691 2114 734 2146 axe
743 2100 806 2146 mori
818 2115 825 2145 e

276 2181 371 2243 Semper
380 2174 484 2224 inobliti
497 2189 602 2239 repetam
609 2188 655 2224 ,tua
665 2190 765 2223 munera
774 2190 871 2230 mente,

308 2258 339 2307 Et
348 2271 400 2305 mea
411 2270 449 2303 me
461 2253 531 2302 tellus
542 2250 624 2301 audiet
633 2248 680 2301 effe
692 2267 771 2303 tuum.

275 2334 362 2386 Audiet
374 2337 398 2382 &
411 2332 474 2381 coelo
486 2334 564 2397 posita
575 2331 607 2379 est
617 2347 775 2397 quaecumque
784 2332 826 2379 sub
837 2329 883 2380 illo
890 2362 901 2392 ,

227 2440 258 2484 40
307 2416 404 2464 Transit
414 2410 491 2461 nostra
503 2410 565 2459 feros
577 2413 596 2459 si
607 2409 683 2460 mode
694 2411 765 2461 Musa
774 2410 857 2459 Getas.

178 2520 180 2527 v
277 2494 359 2559 Teque
370 2507 428 2539 meae
439 2492 531 2538 causam
544 2490 736 2554 servatoremque
745 2488 844 2547 salutis,

309 2571 398 2639 Meque
411 2582 480 2619 tuum
489 2566 550 2619 libra
561 2570 626 2619 norit
637 2571 663 2617 δι
674 2584 719 2619 aere
728 2569 818 2617 minus.

551 2836 711 2951 «χρ
