2334 3917
282 390 353 476 256
408 373 450 454 P.
482 385 640 454 Ovrnrr
662 385 859 456 Nasonis

313 507 417 558 Numine
430 504 544 558 debueras
555 506 686 560 sustinuille
699 524 750 562 tuo·

278 583 329 638 An,
341 581 445 634 dominre
455 585 499 636 fati
510 585 631 654 quidquid
638 591 745 637 cecinere
757 589 873 646 Sorores,

309 662 388 712 Omne
398 664 442 712 sub
451 665 551 714 arbitrio
562 662 651 716 desinit
662 663 708 716 effe
719 665 818 716 Derim?

274 737 325 803 lpse
334 755 433 807 quoque
443 743 556 792 ethereas
563 745 656 793 meritis
664 745 768 792 inveiius
778 740 808 792 ad
818 757 883 794 arces
893 757 902 800 3

229 813 261 847 ²⁰
308 817 364 880 Qui
372 835 423 869 non
430 822 518 885 exiguo
529 819 592 870 fana
602 819 683 870 labore
690 824 728 870 via
736 820 778 870 eli.

228 907 232 915 ’
277 895 330 946 Nec
341 901 417 963 patria
426 898 459 947 est
467 899 575 950 habitata
585 900 629 947 tibi
639 916 647 958 5
658 896 699 948 sed
709 896 740 949 ad
750 915 824 964 usque
836 899 954 947 nivosum-

308 976 437 1038 Strymona
445 976 542 1035 venisti,
555 977 760 1042 Marticolamque
769 977 846 1026 Geren
856 995 861 1026 r

277 1051 437 1120 Persidaque,
455 1057 481 1104 δι
495 1053 545 1102 lato
558 1055 701 1118 spatiantem
712 1051 811 1104 flumine
825 1054 945 1118 Gangen,

309 1131 342 1180 Et
351 1133 513 1198 quascumque
523 1133 585 1180 bibit
596 1129 696 1182 decolor
707 1130 777 1180 indus
786 1148 868 1196 aquas.

231 1208 258 1255 25
278 1208 443 1260 Scilicethanc
456 1209 552 1273 legem,
564 1225 647 1259 nentes
660 1209 742 1260 fatalia
753 1210 831 1260 Parcae

310 1289 416 1337 Stamina
427 1319 436 1348 ,
447 1289 483 1337 bis
493 1291 576 1352 genito
587 1289 622 1336 bis
634 1292 740 1341 cecinere
751 1291 806 1338 tibi.

277 1362 320 1412 Me
331 1381 426 1432 quoque
437 1400 445 1425 ‚
458 1369 477 1414 si
488 1366 522 1414 fas
533 1366 565 1415 est
575 1366 691 1432 exemplis
701 1371 735 1416 ire
746 1367 855 1416 Deorum
865 1401 874 1426 ,

310 1443 393 1492 Ferrea
402 1446 451 1493 sors
460 1446 516 1493 uitae
527 1441 680 1510 difficilisque
690 1448 786 1511 premit.

277 1518 325 1569 1110
335 1536 378 1570 nec
391 1521 466 1570 levius
477 1519 555 1570 cecidi
566 1556 575 1580 ,
588 1539 660 1588 quem
672 1539 759 1588 magna
771 1522 881 1576 locutum

141 1639 146 1644 .
234 1606 263 1651 30
311 1599 407 1664 Repulit
417 1617 430 1648 a
440 1601 530 1650 Thebis
541 1601 650 1665 luppiter
661 1605 715 1668 igne
726 1603 778 1651 suo.

277 1677 313 1730 Ut
325 1692 406 1728 tamen
417 1677 502 1729 nudilii
514 1675 650 1745 perculsum
668 1677 770 1728 fulmine
782 1694 880 1742 vatem,

310 1753 443 1806 Admonitu
462 1761 543 1806 matris
554 1754 703 1806 condoluisse
716 1773 794 1822 potes.

277 1832 309 1882 Et
323 1849 408 1898 potes,
420 1838 532 1902 aspiciens
545 1839 636 1886 circum
648 1851 689 1885 tua
699 1838 764 1887 sacra
777 1841 879 1906 poitas,

310 1911 398 1962 Nescio
409 1918 461 1980 quis
471 1915 544 1964 nostri
554 1950 561 1974 ,
575 1913 654 1964 dicere
664 1951 672 1974 ,
686 1915 765 1964 cultor
775 1915 846 1964 abest.

232 1995 258 2042 Η
278 1989 321 2038 Fer
331 2024 339 2047 ‚
351 1991 413 2040 bone
425 1993 514 2047 Liber.
528 2010 613 2058 opem:
629 1997 662 2044 sic
674 1993 748 2058 altam
759 1991 871 2059 depravet
883 1994 985 2051 ulmum¹

310 2067 388 2128 Vitis,
408 2073 433 2117 bt
444 2070 537 2119 incluso
548 2070 620 2135 plena
630 2073 660 2122 sit
671 2088 717 2122 uva
727 2087 804 2120 mero.

277 2146 315 2195 Sic
326 2148 369 2195 tibi
381 2163 435 2196 cum
446 2148 544 2198 Bacchis
555 2149 696 2209 Satyrorum
707 2165 783 2214 gnava
794 2153 906 2214 iuventus

310 2223 379 2274 Adsit
391 2258 400 2286 ,
417 2229 442 2275 bt
457 2229 563 2275 attonito
577 2243 629 2276 non
642 2242 732 2281 taceare
743 2229 812 2276 sono.

278 2300 335 2353 orsa
345 2303 487 2368 bipenniferi
498 2308 531 2354 sic
542 2307 591 2353 sint
604 2304 667 2354 maie
676 2302 752 2370 prelia
762 2305 879 2370 lycurgi:

228 2382 260 2426 40
309 2382 386 2448 lmpia
395 2399 438 2431 nec
447 2382 520 2448 potui
531 2383 650 2434 Pentheos
660 2385 831 2434 umbrnuacet.

276 2461 314 2510 sic
326 2464 399 2512 micet
412 2460 547 2523 aeternrim,
564 2465 691 2528 vicinaque
703 2459 780 2512 sidera
799 2464 895 2524 vincat,

308 2537 427 2605 Coniugis
437 2539 537 2589 incolo
551 2535 635 2590 Crelsa
646 2537 746 2590 Corona
759 2555 815 2589 ruae.
918 2589 921 2596 Δ

232 2642 236 2647 ·
276 2615 330 2665 Huc
341 2615 413 2678 ades,
430 2621 454 2668 ὃ(
466 2620 532 2670 casus
543 2617 651 2678 releves,
664 2618 840 2683 pulcherrime,
852 2618 963 2684 nostros,

309 2693 391 2744 Unum
410 2693 440 2744 ‹ie
453 2712 554 2746 numero
566 2713 605 2744 me
622 2713 717 2746 mernor
735 2694 781 2746 elle
795 2712 846 2746 tuo.
905 2757 909 2764 ι

227 2771 257 2820 45
276 2773 335 2821 Sunt
346 2771 391 2822 Dis
401 2776 463 2824 inter
471 2776 495 2824 se
503 2778 649 2826 commercia
657 2793 663 2824 ι
671 2773 763 2824 ileiiere
775 2789 841 2824 teuta

309 2849 443 2902 Caesaseurn
453 2869 543 2902 numen
553 2856 668 2907 numine.
683 2852 791 2907 Bacche.
810 2867 862 2902 tuo.

274 2925 327 2978 vos
337 2945 452 2995 quoque,
473 2932 595 2980 consortes
606 2928 690 2992 studii,
705 2933 744 2995 pia
760 2931 847 2990 turba,
867 2935 965 2996 po‘e'rae,

310 3005 366 3055 Haec
378 3005 461 3058 eadem
472 3009 553 3060 sumto
564 3012 664 3074 quisque
674 3022 757 3072 rogate
768 3025 845 3058 mero.

277 3081 355 3150 Atque
366 3083 452 3152 aliquis
462 3085 582 3149 veihin,
596 3086 806 3154 Nasonisnomine
816 3083 900 3152 diuo,
