2334 3917
276 386 580 455 FAsTotturr
604 383 700 451 Lrn.
727 384 798 451 III.
850 408 896 471 79

177 506 262 558 Tertia
270 504 395 556 nudandas
405 520 526 571 acceperat
535 522 589 555 area
599 502 698 562 messes,

208 587 287 651 Inque
307 601 377 633 cavos
394 588 470 633 ierant
485 588 555 633 tertia
565 584 641 632 mulla
651 584 730 643 lacus;

175 664 279 714 Pellitur
299 664 368 711 Anna
384 660 474 720 domo,
491 662 671 727 lacrymansque
683 663 772 711 sororia
781 660 870 727 linquit

208 743 319 791 Montes
329 756 448 805 germana
463 741 521 799 iusta
535 738 577 789 dat
589 754 643 790 ante
654 742 708 789 sue.
899 762 946 812 55⁰

176 820 257 871 Mixta
274 821 361 869 bibunt
374 818 459 867 molles
471 819 581 880 lacrymis
596 834 716 883 unguenta
728 818 828 878 saville,

208 898 307 946 Vertite
325 898 408 945 libatas
422 900 588 962 accipiuntque
600 914 691 946 comas.

177 976 291 1041 Terque,
311 976 370 1025 Vale
383 1010 390 1034 ,
409 972 489 1023 dixit:
502 977 591 1023 cineres
604 990 638 1023 ter
646 973 677 1024 ad
688 991 731 1023 ora
742 973 830 1023 relatos

207 1054 295 1102 Pressit
306 1088 314 1113 ,
337 1056 361 1101 δι
379 1054 412 1101 est
423 1054 470 1100 illis
481 1055 530 1101 visa
540 1049 630 1101 subesse
643 1055 717 1101 soror.

174 1124 251 1181 Nesla
262 1148 337 1180 ratem
348 1135 510 1196 comitemque
522 1130 603 1195 fuge,
620 1130 680 1195 pede
694 1130 875 1196 labitutbquo,
896 1160 941 1212 5⁶5

207 1209 303 1259 Moenia
318 1211 442 1273 respiciens
452 1244 460 1267 ,
473 1206 543 1257 dulce
553 1210 641 1257 sororis
651 1225 719 1273 opus.

173 1286 270 1336 Fertilis
286 1288 319 1336 eli
334 1288 419 1336 Melite
431 1287 590 1337 sletilivicina
600 1287 699 1348 Cosyrae

206 1364 289 1412 Insula
301 1398 309 1423 ,
323 1380 397 1429 quam
412 1365 497 1427 Libyci
507 1366 617 1414 verberat
628 1362 692 1413 unda
701 1364 766 1415 freti.

173 1439 244 1491 Hanc
260 1444 322 1506 petit
331 1444 436 1506 hospitio
448 1445 508 1507 segis
518 1440 608 1491 confisa
615 1442 716 1493 vetrdlo.

206 1518 318 1584 Hospes,
335 1536 409 1584 opum
422 1518 488 1571 dives
499 1555 508 1580 ,
520 1536 561 1569 rex
571 1522 615 1569 ribi
626 1520 706 1571 Battus
717 1533 776 1569 erat.
894 1535 941 1579 570

172 1595 222 1659 Qui
240 1598 293 1661 post
313 1596 387 1663 quint
399 1595 485 1648 didicit
499 1600 564 1647 casus
583 1601 705 1664 utriusque
719 1599 826 1655 sotoris,

205 1676 283 1732 Haec,
301 1678 397 1741 inquit,
410 1677 500 1735 tellus,
514 1676 750 1743 quantulacumque,
764 1674 856 1724 tuaest.

171 1752 204 1805 Et
213 1768 299 1804 tamen
315 1756 413 1819 hospitii
430 1752 540 1805 servasset
550 1753 581 1804 ad
595 1754 682 1804 ultima
692 1768 796 1814 munus,

204 1830 253 1883 Sed
265 1835 350 1882 timuit
366 1850 464 1899 magnas
479 1834 644 1899 Pygmalionis
653 1848 720 1897 opes.

171 1911 244 1975 Signa
255 1913 403 1962 recensuerat
412 1914 448 1961 bis
460 1914 500 1963 Sol
516 1915 556 1962 sua
568 1930 574 1961 ι
587 1913 670 1961 tertius
681 1912 732 1960 ibat

203 1990 306 2043 Annus,
320 1994 345 2040 δι
356 1990 474 2040 exsulibus
486 2005 547 2041 tetta
558 1989 661 2056 petenda
671 2006 734 2040 nova
743 1989 784 2039 est.

170 2066 254 2119 Frater
262 2065 342 2127 adest,
358 2068 470 2136 belloque
480 2073 549 2135 petit.
563 2070 613 2118 Rex
625 2084 691 2120 arma
707 2069 821 2134 perosus,

204 2145 258 2194 Nos
268 2146 348 2196 sumus
361 2148 488 2209 imbelles,
502 2164 526 2198 tu
539 2148 596 2213 fuge
606 2151 701 2214 sospes,
718 2150 761 2199 ait.

170 2221 236 2272 lulla
247 2223 324 2289 fugit,
334 2239 455 2292 ventoque
468 2242 542 2277 ratem
555 2230 726 2277 committit&
738 2225 825 2286 undis,

202 2304 315 2367 Asperior
328 2308 412 2369 quovis
422 2320 517 2370 equore
528 2304 601 2353 frater
610 2320 669 2355 erat.

168 2378 209 2431 Est
225 2397 301 2446 prope
310 2384 414 2445 piscosos
426 2380 528 2447 lapidosi
539 2380 664 2433 Crathidis
674 2399 757 2433 amnes

202 2459 277 2509 Purus
289 2476 358 2525 ager:
368 2458 487 2511 Cameren
498 2461 579 2510 incola
592 2462 661 2511 turba
676 2476 776 2511 vocant.

167 2534 229 2585 Illuc
240 2537 322 2585 cursus
335 2552 384 2587 erar
397 2556 403 2587 t
415 2556 458 2587 nec
469 2539 564 2604 longius
574 2539 652 2588 abfuit
662 2538 734 2598 inde,

202 2613 286 2675 Quam
298 2631 413 2681 quantum
425 2619 508 2665 novies
518 2620 614 2666 mittere
625 2615 699 2665 funda
707 2615 793 2681 potest.

168 2692 229 2743 Vela
240 2691 330 2743 eadunt
340 2694 419 2758 ptlnsd
429 2729 437 2755 ,
450 2698 475 2743 δε
486 2692 560 2746 dubirl
573 2696 690 2745 librantur
701 2695 729 2741 ab
740 2710 805 2743 aura.

198 2770 297 2821 findite
312 2775 428 2838 remigio,
446 2777 527 2824 navita
537 2772 615 2833 dixit,
629 2790 709 2839 aquas.
777 2792 781 2799 ·

166 2849 283 2917 Dumque
297 2866 381 2915 parant
396 2866 461 2902 torto
473 2850 602 2901 subducere
613 2852 708 2901 carbasa
718 2850 784 2912 lino,

198 2929 335 2992 Percutitur
344 2928 427 2994 rapido
438 2932 523 2996 puppis
536 2928 628 2979 adunca
638 2929 706 2983 Noto
719 2946 726 2987 ;

167 3004 243 3071 lnque
261 3006 343 3069 patens
359 3024 455 3074 equor,
472 3008 556 3057 frustra
567 3023 687 3073 pugnante
698 3009 826 3074 magistro,

197 3085 282 3135 Fertur
294 3102 301 3133 r
315 3087 340 3135 δι
351 3102 379 3135 ex
393 3086 470 3137 oculis
483 3086 533 3139 visa
548 3086 636 3152 refugit
648 3088 744 3137 humus.
886 3108 896 3156 5
899 3108 933 3154 ,ο

350 3176 355 3184 ·
722 3163 746 3213 D
761 3166 785 3215 it

890 2331 937 2393 580

890 2718 932 2778 5⁸5
