2334 3917
255 394 553 462 FAsrorrnrt
576 391 678 460 ΜΒ.
702 393 775 462 ΙΙΙ.
831 400 875 480 67

154 510 269 580 Denique
281 509 380 580 quintus
391 515 420 562 ab
434 515 480 562 hoc
492 513 569 562 fuerat
579 513 694 573 Quintilis
703 533 710 562 a
720 518 746 564 &
756 512 813 566 inde

187 593 301 657 Incipit,
321 609 335 640 a
348 608 448 640 numero
463 596 562 640 uomina
573 595 678 656 quisquis
686 593 767 642 habet.
880 588 927 638 ¹5⁰

155 668 269 728 Primus,
291 669 409 718 oliviferis
422 671 523 718 Romam
535 667 648 718 dedusius
658 671 688 718 ab
699 673 778 732 uvis,

190 749 326 813 Pompilius
344 749 434 796 menses
456 749 525 796 sensit
543 744 620 796 abesse
635 745 705 796 duos.

158 829 212 876 Sive
225 829 273 876 hoc
287 843 300 874 a
311 829 394 874 Samio
407 823 505 883 dodus,
524 828 566 890 qui
576 823 642 889 polle
657 826 748 876 renasci

192 907 240 954 l‘os
258 919 347 970 putat5
367 904 451 968 Egeri-i
466 908 515 951 sive
530 918 644 952 monente
664 901 716 952 sui.

158 981 206 1034 Sed
221 999 302 1032 tamen
317 983 427 1031 errabant
438 985 569 1031 etiamnum
582 997 705 1045 tempora,
718 977 797 1029 donee
881 989 924 1037 ¹55

191 1061 291 1110 Caesaris
312 1063 339 1108 in
350 1058 433 1110 multis
449 1063 498 1108 haec
513 1075 611 1125 qunque
622 1076 679 1108 cura
690 1058 746 1107 fuit.

163 1138 221 1188 Non
237 1141 289 1186 haec
300 1138 343 1186 ille
356 1137 438 1197 Deus,
456 1152 574 1202 tantaeque
594 1139 732 1201 propaginis
745 1137 844 1196 auiior,

191 1215 306 1266 Credidit
326 1213 411 1264 officiis
433 1211 480 1264 effe
497 1219 591 1265 nrinora
607 1217 674 1272 suis,

159 1292 355 1360 Promiffumque
372 1295 416 1342 sibi
430 1293 509 1342 voluit
520 1294 665 1357 praenoscere
677 1290 783 1352 ciclum,

156 1407 158 1410 -
192 1373 244 1422 Nec
260 1373 326 1421 Deus
344 1376 439 1436 ignotas
454 1373 538 1434 hospes
555 1373 615 1419 inire
626 1369 722 1418 domos.
881 1363 926 1404 ¹⁶⁰

159 1450 203 1499 llle
218 1467 299 1498 moras
321 1450 383 1498 Solis
395 1485 403 1508 ,
415 1451 501 1515 quibus
517 1452 542 1496 in
560 1450 600 1496 sua
611 1451 677 1512 sigua
689 1443 795 1502 rediret.

192 1527 308 1577 Traditur
321 1530 405 1576 exactis
416 1523 554 1590 disposuisse
568 1527 641 1574 notis.

160 1607 182 1656 Is
191 1605 271 1655 decies
281 1607 350 1656 senos
363 1620 495 1654 tercentum
507 1609 530 1652 se
543 1607 648 1672 quinque
659 1601 743 1653 diebus

191 1685 292 1741 Junxit,
314 1687 340 1732 δι
359 1701 371 1732 e
387 1683 459 1746 pleno
479 1699 585 1748 tempore
601 1697 684 1749 quarta
700 1679 748 1728 die.

159 1761 205 1812 Hie
220 1763 278 1809 anni
292 1757 380 1808 modus
393 1759 424 1810 est
436 1778 442 1808 ι
453 1762 478 1808 in
493 1760 591 1808 lustrum
602 1757 713 1809 accedere
723 1755 811 1818 debet,
879 1755 923 1811 ¹65

192 1839 252 1905 Quae
269 1841 423 1889 consumatur
438 1839 558 1902 partibus,
576 1854 623 1886 una
635 1835 694 1886 dies.

159 1918 191 1968 sl
208 1919 268 1967 licet
282 1916 393 1966 occultos
404 1919 509 1966 monitus
521 1914 602 1965 audite
610 1916 720 1964 Deorum

192 1997 310 2054 Vatibus,
329 2010 356 2043 ut
367 1994 429 2044 cette
443 1994 508 2043 sama
517 1994 590 2043 licere
601 2008 668 2058 putat
678 2010 687 2052 ὅ

160 2072 224 2124 Cum
243 2077 274 2122 sis
287 2071 395 2126 officiis,
410 2070 533 2130 Gradive,
549 2072 658 2120 virilibus
675 2085 764 2135 aptus,
864 2069 868 2078 '

192 2153 241 2201 Dic
257 2154 339 2209 mihi,
355 2165 472 2201 matronae
486 2166 527 2198 eur
540 2165 581 2200 tua
594 2149 652 2200 festa
667 2148 760 2196 colant.
879 2154 927 2201 170

161 2230 198 2280 sic
214 2246 262 2294 ego
272 2249 277 2278 :
289 2232 323 2278 sic
334 2227 413 2293 positi
427 2224 488 2276 dixit
499 2229 558 2278 mihi
571 2224 668 2291 cuspide
679 2225 795 2282 Mavors3

192 2305 239 2356 Sed
258 2321 340 2355 tamen
355 2309 381 2355 in
394 2303 476 2355 dextra
487 2305 582 2354 missilis
593 2304 657 2354 hasta
673 2304 729 2352 fuit.

91 2445 94 2460 μ
160 2383 230 2436 Nunc
242 2383 349 2449 primum
360 2382 442 2432 studiis
456 2387 520 2449 pacis
533 2417 541 2444 ,
557 2383 623 2432 Deus
639 2383 704 2432 utilis
714 2382 803 2436 umis.

191 2462 319 2512 Advoeor:
328 2465 353 2511 &
361 2459 450 2525 gressus
459 2464 484 2510 in
497 2477 561 2511 nova
574 2461 647 2512 castra
655 2462 718 2511 fero.

161 2541 210 2592 Nec
220 2540 399 2607 pigetiucepti:
410 2544 476 2605 Juvat
487 2542 530 2589 hac
538 2556 635 2607 quoque
647 2556 712 2604 parte
720 2539 826 2600 morati,
877 2557 922 2604 175

191 2621 246 2670 Hoc
258 2619 336 2670 solam
348 2635 378 2668 ne
390 2619 413 2667 se
424 2615 490 2681 polle
498 2618 609 2667 Minerva
616 2634 692 2682 putet.

161 2697 230 2746 Disce
242 2733 251 2757 ‚
269 2698 411 2748 Latinorum
422 2711 488 2746 vates
499 2697 598 2759 operose
609 2695 703 2746 dierum
712 2731 722 2758 ,

192 2774 267 2837 Quod
285 2778 347 2840 petis
360 2793 365 2822 :
379 2777 403 2823 δι
415 2777 517 2822 memori
527 2776 620 2840 peslore
634 2773 698 2824 dista
709 2788 777 2824 nota.

163 2853 233 2902 Parva
246 2852 310 2911 fuit,
327 2854 352 2901 si.
361 2854 438 2916 prima
447 2851 506 2900 velis
517 2850 636 2902 elementa
644 2851 752 2913 referre,

187 2934 282 2982 Roma:
298 2928 339 2980 sed
350 2933 375 2978 in
382 2946 455 2994 parva
463 2931 513 2995 spes
524 2944 605 2980 tamen
615 2932 685 2994 hujus
693 2945 752 2979 erat.
880 2927 926 2976 180

164 3011 255 3063 Moenia
265 3013 315 3073 jam
330 3009 422 3059 stabant
433 3043 440 3067 ,
454 3008 548 3073 populis
560 3009 657 3072 angusta
674 3009 777 3068 suturis3

195 3079 302 3144 Credita
313 3085 354 3140 secl
366 3088 439 3140 eurbae
457 3101 514 3140 tunc
528 3089 601 3138 nimis
612 3086 693 3154 ampla
707 3087 763 3138 sue.
854 3101 858 3109 ·
