2334 3917
282 382 423 452 Errsr.
447 398 503 449 nx
527 380 680 449 Porro
703 379 741 447 L
757 377 831 461 IV.
857 380 924 468 373'

209 499 257 552 Hic
266 519 333 553 tenor
342 490 354 559 ,¹
363 507 412 553 haec
423 500 494 552 viridi
505 500 633 553 concordia
644 516 723 565 empta
732 497 831 567 juventi

244 578 316 628 Venit
326 578 356 628 ad
367 580 471 627 albentes
481 576 614 625 iiiab'efaiia
625 592 715 624 comas,
766 591 768 596 ·
927 576 959 627 Β·

210 652 270 715 Quae
281 660 326 705 nisi
335 672 357 705 te
370 670 500 713 moveant,
512 652 572 703 duro
585 656 629 703 tibi
640 656 733 717 pestora
743 652 807 702 ferro

247 730 300 780 Effe
311 769 319 792 ,
331 734 370 786 vei
381 737 470 784 inviiio
481 733 558 782 clausa
569 731 709 785 adamante,
721 746 812 795 putem.

209 808 255 857 Sed
266 810 330 875 priris
342 813 396 860 huic
409 810 522 861 desint&
535 809 625 859 bellum
637 813 662 859 ὃ(
674 809 763 873 frigora
774 822 858 866 terra,

241 888 332 938 Invisus
343 882 412 939 nobis
425 906 476 955 quae
492 887 541 937 duo
553 890 643 937 Pontus
654 887 726 937 haber
737 902 746 943 3

192 951 195 961 Α
209 963 242 1014 Et
253 964 345 1031 tepidus
356 967 460 1025 Boreas,
472 970 496 1015 δι
508 970 539 1015 sit
548 963 698 1031 praefrigidus
708 962 807 1020 Auster,
929 963 957 1009 ³5

241 1044 272 1092 Et
283 1048 358 1109 possit
370 1044 447 1093 fatum
459 1044 556 1093 mollius
568 1041 614 1092 effe
625 1058 722 1099 meum;

211 1120 293 1181 Quim
305 1138 344 1170 tua
356 1124 402 1170 sint
414 1121 480 1187 lapso
491 1120 621 1187 precordia
632 1119 691 1169 dura
702 1117 789 1168 sodali.

246 1198 291 1246 Hic
305 1198 414 1247 cumulus
425 1200 508 1248 nostris
519 1200 596 1259 absit,
609 1198 732 1262 obestque,
745 1195 823 1253 malis.

209 1275 247 1325 Tu
258 1274 334 1325 modu
350 1293 391 1341 per
403 1279 519 1341 Superos,
532 1294 636 1343 quorum
647 1279 789 1325 certissimus
801 1273 842 1323 ilie
853 1273 902 1333 est,

241 1353 296 1415 Quo
307 1369 359 1403 tuus
371 1353 461 1403 assidui
473 1356 583 1419 Principe
594 1358 669 1404 crevit
680 1357 758 1403 honor
768 1371 778 1412 3
924 1359 959 1407 40

208 1428 298 1491 Effice,
311 1434 428 1482 constanti
439 1433 567 1499 profugum
580 1435 667 1497 pietate
680 1429 785 1487 tuendo,

243 1509 280 1559 Ne
292 1513 383 1576 sperata
394 1529 472 1562 meam
485 1511 576 1561 desinat
586 1528 642 1561 aura
652 1526 737 1561 ratem.

206 1584 273 1645 Quid
284 1588 414 1649 mandem,
426 1593 511 1656 qureris
521 1594 530 1639 ἰ
541 1606 635 1653 peream
646 1592 708 1649 ,nisi
718 1588 798 1639 dicere
809 1590 849 1640 vix
860 1588 891 1637 est
898 1605 907 1646 3

241 1666 265 1713 si
278 1666 354 1717 modo
364 1704 371 1727 ,
383 1671 425 1735 qui
437 1670 506 1732 periit
516 1701 524 1727 ,
534 1668 576 1715 iile
587 1670 662 1732 perire
673 1666 758 1732 potest.

206 1744 257 1794 Nec
269 1744 327 1811 quid
339 1762 424 1809 agam,
437 1748 552 1803 invenio,
563 1761 607 1793 nec
618 1743 678 1810 quid
688 1745 795 1794 nolimve
804 1744 923 1809 velimve:
941 1760 970 1811 45
1002 1806 1005 1809 ἢ

239 1822 290 1871 Nec
301 1823 356 1871 satis
368 1824 458 1871 utilitas
471 1823 503 1871 est
513 1839 567 1871 mea
578 1837 637 1873 note
647 1825 717 1871 mihi.

206 1898 286 1949 Crede
298 1902 374 1959 mihi;
385 1902 483 1949 miseros
494 1898 621 1965 prudentia
633 1904 709 1966 prima
719 1900 850 1967 relinquite

239 1978 269 2026 Et
281 1979 359 2027 sensus
371 1994 426 2026 curn
438 1994 462 2027 re
473 1978 648 2043 consiliumque
660 1978 731 2043 fugit.

205 2053 256 2120 Ipse
267 2090 274 2113 ,
286 2070 388 2120 precor,
400 2071 488 2121 quaeras
498 2091 506 2117 ‚
518 2055 566 2122 qui
577 2059 621 2105 sim
633 2058 677 2105 tibi
686 2070 752 2121 parte
761 2056 895 2123 juvandus:

236 2130 338 2199 Quoque
349 2135 414 2183 viam
425 2132 496 2185 facias
508 2133 538 2185 ad
548 2151 602 2185 rnea
612 2150 669 2186 vota
679 2133 751 2186 vado.

298 2404 642 2471 EPISTOLA
681 2410 852 2484 xlll„

471 2581 651 2645 cARO.

206 2666 274 2799 O
286 2741 292 2789 1
305 2754 325 2789 Μ
336 2757 370 2790 in
381 2759 389 2789 1
403 2756 452 2791 non
464 2740 548 2793 dubim
559 2746 621 2793 inter
631 2745 785 2796 memorande
793 2744 903 2808 sodales,

237 2818 347 2883 Quique,
364 2817 430 2890 quod
441 2837 479 2879 es,
492 2820 562 2882 veri,
575 2822 655 2884 Care,
667 2829 775 2882 vocatia
787 2842 839 2876 ave.

201 2894 273 2945 Unde
284 2896 407 2955 saluteris,
419 2898 487 2947 color
497 2901 536 2949 hic
551 2901 594 2951 tibi
605 2907 712 2967 protinus
722 2903 809 2962 index,
820 2940 827 2945 -

234 2972 265 3022 Et
276 2974 386 3022 strustura
396 2978 445 3023 mei
457 2980 583 3038 carminis,
594 2976 640 3029 effe
651 2982 735 3045 potest.

202 3046 259 3099 Non
270 3054 326 3117 quia
337 3051 439 3104 mirifica
451 3054 500 3118 est,
515 3053 557 3107 sed
567 3056 635 3125 quod
643 3075 688 3109 nec
696 3060 794 3127 publica
803 3062 882 3116 tertie
934 3086 947 3138 ς
