2334 3917
287 422 355 488 330
430 401 472 467 P.
505 402 660 467 Orrnrr
680 402 875 469 NAsmurs

317 520 380 569 Tura
391 518 426 568 fer
433 518 464 570 ad
475 536 574 585 magnos
584 524 687 588 vinaque
698 538 756 587 pura
763 522 839 573 Deua.

284 596 303 645 E
314 598 399 663 quibus
410 612 463 647 anre
471 614 556 647 omnes
569 600 700 665 Augustum
711 616 801 650 numen
813 598 905 660 adora,

315 675 503 741 Progeniemque
515 679 595 741 piam,
607 678 793 743 participemque
806 682 864 726 rori.

235 760 276 814 165
286 752 332 801 iinr
343 757 434 803 urinam
444 757 512 803 mites
523 755 596 803 solito
605 757 650 803 sibi
661 756 742 804 more!
756 770 854 822 tuasque

317 830 375 881 Non
385 830 448 881 duria
459 831 576 895 lacrymas
587 832 694 883 vultibus
705 834 830 899 aspiciant.

282 984 993 1044 σιτ-ἑξεπὲε-ι-εο

418 1134 858 1201 Errsrorrrr.

519 1282 762 1346 coram

360 1456 420 1493 uara
433 1442 491 1508 legis
501 1444 591 1494 anobis
600 1441 696 1493 miffam
706 1446 766 1499 tibi,
776 1444 869 1507 Cotta,
879 1446 995 1509 salutern,

314 1518 386 1570 Miffa
395 1523 426 1569 sit
436 1520 538 1581 uerrere,
553 1525 738 1587 perveniatque,
749 1539 843 1588 precor.

282 1598 393 1665 Namque
403 1602 462 1649 meis
471 1601 548 1664 sospes
559 1600 666 1649 multum
680 1602 824 1649 cruciatibus
835 1600 932 1662 auferat

316 1676 396 1743 thue
414 1681 444 1727 sit
454 1694 466 1727 e
477 1680 547 1727 nobis
556 1694 609 1743 pars
620 1678 684 1727 bona
693 1678 774 1737 salva,
787 1678 855 1728 facis.

254 1753 264 1797 5
284 1755 396 1821 Cquue
406 1756 486 1806 labent
496 1756 552 1816 alii,
564 1758 696 1821 jactataque
708 1756 761 1807 vela
772 1756 930 1823 relinquant,

316 1834 354 1883 Tu
365 1834 446 1884 lacera
460 1850 566 1883 remanet
578 1849 667 1883 ancora
682 1834 733 1883 sola
744 1838 798 1883 rati.

283 1913 357 1963 Grata
369 1928 408 1963 tua
416 1913 448 1961 est
456 1916 528 1978 igitur
536 1915 610 1977 pietas
622 1930 628 1959 t
640 1914 785 1977 ignoscimus
796 1911 864 1973 iliis,

318 1988 365 2049 Qui
382 2006 437 2039 cum
451 1990 555 2041 Fortun&
568 2004 633 2054 terga
644 1987 731 2038 dedere
742 1988 813 2055 fuga.

283 2064 347 2115 cum
369 2066 455 2115 feriant
467 2084 559 2125 unum,
571 2083 620 2116 non
636 2083 711 2116 unum
723 2066 825 2116 fulmina
840 2083 946 2120 terrente

237 2144 264 2175 ¹0
314 2144 442 2209 iunctaque
459 2142 567 2208 percuiso
583 2146 652 2193 rurba
662 2162 748 2209 pavere
762 2146 832 2195 solet.

282 2221 394 2288 Cumque
405 2222 472 2273 dedit
482 2228 557 2289 paries
567 2241 673 2275 venturae
683 2230 751 2291 signa
762 2229 855 2289 ruinae,

314 2304 414 2352 solicito
424 2320 511 2353 vacuus
521 2302 549 2353 fit
559 2303 627 2353 lotus
636 2304 679 2353 ilie
690 2320 765 2355 metu.

283 2381 342 2442 Quis
353 2399 401 2431 non
412 2400 424 2431 e
435 2380 526 2432 timidis
535 2385 592 2449 aegri
604 2386 717 2449 contagia
727 2387 805 2443 vitat,

315 2462 428 2511 Vicinum
440 2477 548 2511 metuens
563 2479 593 2511 ne
606 2465 685 2512 trahat
692 2460 751 2512 inde
766 2461 882 2513 malum?

236 2533 262 2581 ¹5
282 2538 324 2587 Me
334 2556 430 2605 quoque
441 2543 573 2589 amicorum
582 2543 659 2589 nimio
671 2556 760 2590 terrore
770 2555 884 2608 metuque
893 2577 904 2604 ‚

315 2616 373 2667 Non
381 2614 454 2676 odio,
467 2617 565 2684 quidam
577 2617 700 2669 destituere
710 2623 767 2669 mei.

281 2696 340 2747 Non
352 2697 401 2746 illis
412 2700 486 2761 pietas
496 2732 504 2757 ‚
516 2714 566 2747 non
576 2696 685 2749 officiosa
692 2697 807 2749 voluntat

299 2832 302 2837 Ι
313 2775 399 2825 Defuit
410 2777 517 2825 reversos
529 2778 658 2825 extimuere
669 2774 745 2825 Deos.

280 2854 363 2920 thue
375 2857 450 2921 magis
463 2858 525 2903 cauri
537 2851 635 2919 poffunt
645 2852 771 2920 timidique
781 2851 858 2906 videri
869 2888 879 2917 ,

150 2932 153 2940 ⁴
234 2938 264 2971 ²⁰
313 2935 351 2983 Sic
365 2932 478 2999 appellari
487 2948 652 2983 nonmernere
662 2920 731 2982 mali.

280 3011 313 3063 At
328 3029 394 3061 meus
405 3014 498 3063 excusat
509 3028 575 3062 catos
583 3014 618 3062 ita
627 3009 718 3061 candor
728 3012 836 3069 armenta

312 3088 393 3156 thue
403 3091 506 3141 habeant
524 3088 554 3142 de
565 3106 605 3141 me
619 3090 721 3141 erimina
734 3086 821 3153 nulla,
836 3085 912 3139 farer.
