2334 3917
308 411 514 478 Errsrux
528 402 682 473 Porro
702 401 740 470 L.
761 401 812 468 ll.
850 418 916 488 3¹7
958 475 964 480 ,

203 576 919 653 aewxssfflfflms

292 733 634 803 uprsrorr
672 704 818 798 v1'11.
907 727 910 730 ’

316 861 553 959 ΜΑΧΙΜΟ
601 897 802 958 com.

185 992 263 1108 R
273 1074 285 1109 ε
294 1077 310 1109 n
318 1076 335 1109 1>
343 1077 351 1109 ι
359 1076 421 1111 eus
434 1060 466 1109 est
477 1060 546 1109 nobis
557 1058 637 1109 Caesar
649 1074 705 1108 cum
716 1057 810 1109 Caesare
820 1073 894 1121 nuper
905 1090 914 1113 ,

230 1139 297 1198 Quos
309 1140 369 1187 mihi
382 1138 483 1198 misisti,
494 1138 602 1187 Maxime
616 1134 712 1198 Cotta,
723 1136 798 1185 Deos.
834 1178 838 1182 ,

197 1214 279 1279 thue
291 1217 358 1264 suum
369 1232 455 1265 munus
465 1232 606 1270 numerum,
618 1232 691 1281 quem
704 1213 789 1275 debet,
800 1214 913 1272 haberet,

231 1292 271 1340 Est
281 1294 314 1341 ibi
325 1292 456 1343 Caesaribus
467 1294 536 1343 Livia
547 1295 627 1359 iuuere
637 1296 692 1344 suis.

196 1368 329 1433 Argentum
341 1371 412 1427 felix,
423 1375 537 1437 omnique
549 1373 639 1420 beatius
651 1372 723 1422 auro!
934 1385 945 1429 5

230 1446 323 1507 Quod,
338 1446 414 1498 fuerat
424 1452 528 1514 pretium
541 1447 597 1497 crim
611 1447 686 1510 rude,
700 1465 791 1499 numen
800 1450 880 1499 haber.
941 1443 946 1456 Χ

197 1522 255 1573 Nou
266 1528 343 1586 mihi,
355 1525 451 1593 (iivirias
463 1525 559 1585 dando,
573 1531 664 1592 maiora
674 1525 791 1590 dedisses,

230 1602 358 1654 Caelitibus
373 1607 449 1653 missis
464 1603 542 1653 nostra
557 1604 600 1653 sub
614 1622 656 1653 ora
674 1606 758 1655 tribus.

175 1689 177 1693 '
197 1680 236 1730 Est
247 1680 339 1747 aliquid
349 1666 450 1747 speffeie
460 1673 543 1740 Deos',
552 1685 581 1739 ,δέ
595 1680 672 1731 adeffe
683 1698 781 1747 putare,

228 1759 259 1808 Er
270 1763 336 1827 quasi
347 1776 402 1810 cum
414 1777 470 1809 vero
479 1763 578 1809 numine
589 1757 655 1825 poffe
666 1760 743 1825 ioqui.
935 1765 964 1797 ¹0

196 1837 295 1886 Praemia
306 1854 408 1903 quanta,
421 1836 483 1886 Dei!
499 1854 542 1885 nec
554 1855 593 1887 me
605 1852 669 1887 tenet
679 1837 765 1887 ultima
775 1836 858 1887 tellus:

228 1916 309 1981 thue
320 1915 399 1981 priris,
410 1914 490 1965 medii
502 1918 578 1980 sospes
589 1920 615 1965 in
626 1915 691 1964 Urbe
701 1933 794 1965 moror.

195 1993 317 2045 Caesareos
328 1993 399 2045 video
410 1995 507 2053 vultus,
522 1994 590 2044 velut
600 2008 655 2046 aute
670 1992 782 2045 videbam
793 2013 800 2045 z

202 2098 205 2109 =
228 2072 275 2121 Vix
287 2076 356 2137 hujus
368 2074 418 2121 voti
430 2074 480 2137 spes
492 2072 538 2122 fuir
550 2072 600 2122 ulla
611 2074 682 2121 mihi.
876 2130 884 2145 ‹

194 2148 275 2215 thue
286 2150 433 2205 salutabam,
445 2168 534 2199 numen
547 2150 641 2213 eoeIeste
652 2151 739 2201 saluto.
930 2152 939 2184 ¹
949 2154 959 2200 5

227 2226 299 2287 Quod
310 2227 392 2277 reduci
404 2230 507 2289 tribuas,
518 2229 552 2277 nil
562 2264 570 2289 ,
583 2243 660 2294 puto,
675 2232 750 2287 maius
761 2230 842 2277 habes.
870 2229 872 2234 ’

136 2338 141 2344 .
194 2302 261 2363 Quid
270 2304 355 2353 nostris
365 2305 455 2364 oeulis,
467 2309 513 2355 nisi
524 2306 573 2354 sola
584 2306 676 2355 Palatia
688 2304 790 2355 desunt?
852 2361 854 2365 ,

227 2380 275 2440 Qui
285 2380 369 2438 locus,
382 2382 462 2431 ablato
474 2381 582 2435 Caesare.
595 2384 650 2431 vilis
660 2387 714 2435 erit.

193 2456 265 2508 Hunc
275 2472 320 2521 ego
330 2456 386 2504 crim
397 2459 497 2521 speeiem
503 2467 512 2517 ,¹
527 2457 611 2507 videor
620 2462 681 2508 mihi
689 2476 783 2509 cernere
794 2460 908 2509 Romam.

227 2534 292 2585 Nam
311 2537 393 2599 patrie
412 2534 498 2585 faciem
517 2536 614 2585 sustinet
630 2530 743 2586 ille'suae.
926 2546 958 2582 20

191 2613 291 2663 fallor?
306 2628 336 2661 an
354 2614 409 2660 irari
426 2615 489 2661 mihi
504 2615 558 2662 sunt
575 2617 601 2663 in
616 2617 721 2678 imagine
737 2615 834 2664 vultus?

224 2692 352 2756 Torvaque
369 2692 449 2739 nescio
468 2689 528 2757 quid
544 2691 624 2741 forma
639 2696 752 2741 minantis
767 2696 858 2750 haberi

191 2770 282 2827 Parce,
305 2768 347 2817 Vir
364 2770 483 2817 immenso
497 2772 575 2833 major
591 2772 718 2819 virtutibus
733 2772 808 2832 orbe,

222 2846 332 2912 iustaque
347 2844 457 2895 viudistae
476 2848 595 2911 supprime
612 2848 664 2897 lora
679 2864 734 2899 ωε.

189 2924 277 2985 Parce,
289 2940 394 2989 precor,
414 2923 471 2983 seeli
489 2923 560 2975 decus
575 2924 706 2976 indelebile
723 2929 813 2989 nostri,
923 2953 952 3003 ²5

222 3003 350 3053 Terrarum
370 3000 498 3053 dominum
516 3020 589 3069 quem
610 3007 652 3054 sua
670 3022 727 3055 cura
742 3006 809 3055 facit.

96 3088 102 3095 '
188 3077 235 3129 Per
252 3084 333 3146 patrie
349 3096 528 3149 iuuenemque
547 3098 571 3135 te
592 3084 636 3135 tibi
649 3088 730 3134 ,carior
747 3086 799 3150 ipso
814 3089 864 3148 est,

706 3174 730 3225 ο
746 3178 773 3247 ur
