2334 3917
432 410 660 477 Isis„
814 411 879 493 387

78 596 84 605 ἢ
166 552 168 556 ·
200 531 375 591 Auriumrnam
385 527 791 595 Libyoedemnrecerpataquam.

167 610 232 661 Nem
242 608 318 675 neque
327 624 389 676 quot
397 607 468 659 flores
476 607 559 657 ‘Siculi
568 609 696 656 nascanutr
706 610 732 655 in
741 605 822 669 Hybla
831 640 839 665 ,

201 688 297 749 Quotve
310 687 370 736 ferat
380 721 388 746 ,
398 686 496 745 dicatu,
508 700 569 735 terra
580 682 666 734 Cililla
676 701 768 733 crocos.
883 697 931 728 suo

168 764 235 826 Nec,
252 765 307 815 clun
320 765 389 818 tristis
402 768 478 814 hiems
488 763 615 829 Aquilonis
628 765 747 812 inhorruit
758 762 816 823 alis,

201 843 282 903 Qudm
293 843 370 891 munt
382 842 423 891 fiat
434 840 549 906 grandine
560 857 633 889 canus
645 840 730 889 Athos.

167 918 219 969 Nec
231 919 295 968 mala
303 936 363 969 vote
374 918 428 967 mei
439 920 530 983 possint
541 930 581 965 tua
592 918 676 967 cunila
685 915 785 974 referri3

199 997 249 1045 Ora
266 996 323 1045 licet
338 998 426 1045 tribuas
442 994 603 1059 multiplicata
619 996 689 1044 mihi.

167 1074 218 1123 Tot
229 1074 272 1121 tibi
279 1108 290 1129 ,
297 1073 348 1123 vael
360 1074 447 1123 inisero
458 1075 553 1127 venient
564 1072 669 1137 talesque
679 1074 771 1132 ruinae,
886 1100 930 1147 205

200 1151 236 1201 Ut
248 1155 302 1216 cogi
315 1155 341 1201 in
350 1151 468 1213 lacrymas
482 1168 521 1199 me
534 1166 632 1215 quoque
647 1147 714 1214 polle
727 1164 818 1214 putem.

77 1214 78 1243 ³
168 1229 220 1279 lllae
231 1246 268 1279 me
278 1230 389 1291 lacrymae
400 1229 487 1278 facient
502 1231 552 1277 tine
563 1226 610 1277 fine
622 1228 720 1278 beatum
731 1245 739 1277 r

201 1306 302 1356 Dulcior
313 1310 352 1356 hic
363 1309 409 1355 risu
420 1322 471 1355 tunt
483 1309 544 1355 milri
555 1304 689 1372 fletuserit.

170 1383 247 1434 Natus
260 1402 283 1433 es
297 1384 380 1437 infelix
394 1403 400 1433 r
416 1387 450 1433 ita
462 1383 495 1433 Di
510 1383 625 1447 voluere,
640 1401 684 1434 nec
698 1384 749 1435 ulle

202 1449 342 1514 Commlrda
352 1464 457 1513 nascenti
468 1461 551 1523 stella,
563 1461 669 1522 levisve,
681 1463 737 1512 fuit.
887 1494 933 1527 ΗΟ

169 1541 227 1593 Non
241 1543 321 1591 Venus
335 1539 443 1599 affulsit,
459 1555 509 1589 uon
524 1540 569 1591 itit
580 1540 688 1605 luppiter
704 1540 766 1589 hurd
782 1558 791 1591 s

200 1621 296 1669 Lunave
311 1636 361 1693 nup
376 1634 433 1683 apto
445 1617 516 1667 Solve
530 1617 596 1667 fuere
615 1618 680 1667 loco.

169 1699 220 1749 Nec
231 1701 285 1749 satis
295 1697 386 1748 utiliter
396 1699 486 1761 positos
498 1698 541 1745 tibi
553 1698 653 1761 praebuit
663 1686 745 1762 ignes,

202 1776 280 1838 Quem
294 1778 386 1841 peperit
398 1790 487 1839 magno
503 1772 582 1824 lucida
594 1774 661 1824 Maia
676 1775 741 1825 luti.

169 1856 206 1905 Te
214 1855 264 1903 fera
271 1888 281 1914 ‚
289 1870 332 1903 nec
341 1851 472 1919 quidquam
484 1850 606 1917 placidum
615 1852 771 1918 spondentia,
779 1855 865 1904 Martis
889 1880 931 1925 2¹5

202 1930 282 1981 Sidera
296 1928 444 1999 presserunt,
460 1929 610 1996 falciferique
626 1933 700 1986 Senis.

169 2011 221 2060 Lux
233 2024 329 2075 quoque
340 2007 441 2064 natalis,
454 2024 484 2056 ne
493 2006 553 2073 qui-d
567 2011 614 2059 nisi
627 2010 690 2059 triste
702 2009 807 2071 videret,

202 2088 305 2151 Turpis,
319 2090 343 2135 δι
351 2084 457 2136 indutiis
468 2086 569 2136 nubibus
580 2102 631 2136 atra
641 2088 697 2139 fuit.

168 2166 226 2217 Haec
237 2166 284 2226 est,
297 2167 322 2215 in
338 2164 410 2214 Fallit
423 2168 461 2214 cui
477 2162 518 2216 det
528 2168 607 2230 gravis
619 2166 683 2216 Allia
696 2182 804 2228 nument

202 2244 308 2307 Quaeque
321 2242 371 2293 dies
388 2244 455 2297 Ibin.
469 2244 565 2307 publiea
581 2242 687 2304 damna,
705 2246 770 2295 tulit.
886 2276 933 2307 220

168 2320 219 2381 Qui
234 2319 322 2377 simul,
334 2320 428 2384 impuri
442 2324 525 2369 matris
539 2321 661 2385 prolapsus
675 2325 706 2371 ab
720 2322 792 2382 alvo,

201 2397 348 2461 Cinyphiam
361 2392 428 2445 r'oedo
442 2413 541 2461 corpote
552 2402 637 2461 pressit
648 2400 750 2451 humum
761 2419 769 2460 3

167 2474 234 2527 Sedit
244 2479 269 2526 in
281 2473 379 2525 adverso
391 2476 519 2525 nosturnus
534 2476 640 2525 culmine
657 2479 738 2539 bubo,

200 2556 353 2619 Funereoque
368 2567 449 2615 graves
462 2549 540 2601 edidit
554 2570 595 2601 ore
606 2554 687 2605 funos.

77 2644 78 2677 ἓ
137 2635 278 2685 ’Protinus
289 2628 433 2679 Eumenides
448 2628 525 2679 lavere
541 2630 681 2693 palustribus
694 2633 774 2695 ulvis,
884 2660 927 2705 2²5

83 2716 88 2723 '
199 2711 254 2773 Qud
267 2726 324 2761 cata
336 2707 365 2757 de
379 2710 467 2773 Stygiis
479 2706 578 2757 fluxerat
593 2707 657 2764 unda
667 2709 751 2772 vadite

165 2789 310 2853 Petloraque
328 2800 447 2835 unxerunt
463 2784 558 2835 Erebiae
577 2785 635 2835 felle
649 2788 767 2847 colubra.

197 2868 293 2932 Terque
308 2877 441 2911 cruentatas
454 2864 591 2927 increpuere
606 2879 717 2915 manuele

164 2945 315 3011 Gutturaque
326 2943 464 2991 imbuerunt
477 2940 579 2991 infantie
591 2940 651 2991 leae
661 2946 759 2998 muro.

198 3021 244 3069 Hit
254 3026 343 3084 primus
355 3022 421 3084 pueri
433 3021 499 3067 vetiit
509 3020 534 3067 in
544 3035 587 3067 ortt
596 3021 672 3069 tibus.

163 3096 271 3148 Perbibit
282 3096 338 3149 inde
347 3100 394 3149 sure
410 3098 501 3149 rabiem
513 3100 613 3149 nutritis
621 3100 751 3160 alumnum

672 3178 731 3249 Rij

882 3065 929 3113 ²30
