2334 3917
262 388 337 457 '104
411 368 454 436 P.
483 370 639 473 erorr
659 373 854 439 NAsorsrs

298 489 423 541 Presserat:
435 491 530 541 instanti
544 491 601 540 talia
611 489 673 540 dista
684 491 766 540 refert.

264 571 347 633 Sospes
363 585 418 627 eas,
432 571 571 635 semperque
581 585 664 634 parens
675 590 682 618 e
695 572 755 619 mihi
764 569 815 619 filia
825 582 894 635 raprr
903 570 945 619 est.

217 661 263 709 520
297 646 363 695 lieu!
380 647 466 696 melior
477 647 568 713 quanti>
576 650 626 697 sors
636 664 676 697 rua
686 651 748 698 sorte
758 648 827 697 meai!

263 724 407 785 Dixit:&,rrt
414 725 661 791 lacrymae‚neq3enim
670 726 799 790 lacrymare
807 726 916 777 Deorum
924 727 957 776 est
968 762 981 789 ,

295 801 394 852 Decidit
404 807 429 852 in
442 802 533 867 tepidos
542 802 622 853 lucida
630 818 698 869 gutta
705 807 778 854 sinus.

263 881 334 930 slent
344 884 431 947 paritet
441 917 449 941 ,
461 881 547 931 molles
559 885 634 932 animi
645 918 653 942 ‚
664 887 781 950 virgoque
787 885 911 949 senexque.

295 959 316 1007 E
328 961 413 1026 quibus
421 962 469 1009 haec
479 959 533 1025 julii
540 962 613 1011 verba
623 962 687 1012 suere
697 963 767 1011 senis.

217 1039 302 1095 52rSic
318 1039 379 1097 ribi,
396 1054 468 1103 quam
479 1052 570 1103 raptam
578 1042 699 1105 quereris,
715 1042 745 1089 sit
756 1039 806 1089 filia
815 1040 892 1105 sospes
902 1056 911 1099 3

297 1117 389 1180 Surge,
408 1132 453 1165 nec
464 1119 552 1182 exigue
563 1116 655 1182 despice
665 1120 725 1167 teda
735 1120 802 1183 casaeq
902 1159 906 1163 Α

264 1191 313 1243 Cui
329 1192 396 1253 Dea,
416 1194 490 1248 Duc,
506 1198 602 1261 inquit:
616 1196 677 1246 scisti
689 1195 755 1262 ,qui
765 1212 850 1260 cogere
858 1192 945 1260 posses.
987 1230 990 1236 .

298 1271 374 1336 Seque
390 1271 453 1321 levat
468 1274 540 1333 saxo,
557 1274 753 1339 subsequiturque
762 1276 851 1322 senem.

264 1348 320 1397 Dux
338 1352 422 1398 comiti
433 1366 527 1410 narrar,
544 1350 618 1416 quim
630 1355 661 1400 sit
672 1354 717 1400 sibi
727 1350 791 1400 filius
801 1366 878 1415 cger5

217 1430 263 1475 530
297 1426 349 1477 Ne'c
362 1431 438 1493 capiat
448 1430 559 1489 somnos,
567 1430 723 1496 invigiletque
733 1428 812 1478 malis.

265 1504 310 1555 llla
320 1505 492 1570 soporiferum,
509 1522 595 1571 parvos
608 1508 696 1554 initura
699 1519 801 1575 penates
813 1537 822 1564 ,

297 1581 403 1648 Colligit
412 1584 494 1647 agresti
506 1583 558 1632 lene
568 1597 669 1648 papaver
681 1586 765 1633 humo.
866 1620 882 1645 ,

263 1660 331 1710 Dum
342 1662 417 1727 legit,
430 1662 508 1710 oblito
519 1661 595 1711 fertur
605 1659 702 1727 gustasse
713 1661 793 1726 palato
805 1694 814 1721 ‚

297 1740 452 1808 longamque
463 1738 601 1804 imprudens
613 1737 738 1788 exsoluisse
750 1739 849 1788 famem.

218 1829 228 1873 r
238 1817 327 1879 35Quae
337 1822 393 1883 quia
404 1820 520 1883 principio
532 1820 611 1883 posuit
619 1820 706 1883 jeiunia
716 1820 791 1866 noliis
802 1852 812 1878 ,

299 1896 404 1961 Tempus
418 1898 507 1945 habent
518 1897 602 1957 Myllae
613 1894 690 1945 sidera
700 1898 749 1945 visa
759 1898 815 1945 cibi.

265 1974 351 2022 Limen
363 1990 389 2023 ur
402 1978 518 2036 intravit,
530 1974 606 2023 lusistis
617 1974 682 2024 videt
692 1978 774 2024 omnia
784 1974 869 2040 plenae

297 2051 351 2101 lam
369 2054 419 2115 spes
431 2056 455 2100 in
471 2068 544 2118 puero
555 2053 623 2102 nulla
634 2053 713 2103 salutis
724 2068 783 2102 etat.

265 2128 344 2179 Matre
354 2128 471 2189 salutati,
484 2146 559 2179 maret
570 2132 688 2180 Metanira
696 2146 811 2191 vocatur,

221 2224 266 2272 540
299 2204 400 2269 lungere
410 2202 508 2268 dignata
515 2204 547 2252 est
557 2220 583 2253 os
593 2202 683 2268 puerile
693 2204 745 2253 suo.

268 2282 350 2332 Pallor
357 2284 422 2341 abit,
435 2282 565 2348 subitaeque
575 2284 658 2346 vigent
670 2284 696 2330 in
704 2297 805 2347 corpore
813 2281 882 2329 vires.

250 2362 251 2367 ’
298 2362 390 2410 Tantus
401 2358 490 2409 coelesti
500 2362 567 2410 venit
574 2362 604 2408 ab
616 2376 658 2408 ore
668 2363 747 2425 vigor.

266 2438 331 2488 'sota
345 2436 433 2488 domus
443 2438 496 2487 laeta
510 2436 542 2487 est
554 2440 619 2489 r'lroc
629 2438 674 2492 ell,
684 2452 825 2508 materque,
838 2448 966 2502 patetque,

299 2515 421 2583 Nataque:
432 2532 477 2565 tres
489 2514 525 2564 illi
538 2531 590 2565 tota
602 2516 668 2565 fuere
679 2513 774 2565 domus.

223 2594 330 2660 545lvlot
340 2594 419 2660 epulas
429 2608 542 2659 ponunt,
554 2594 682 2659 liquesaeia
692 2594 792 2658 coagula
804 2593 881 2657 laese,

298 2674 434 2739 Pomaque,
453 2677 477 2722 &
491 2675 516 2721 in
527 2675 612 2721 teneris
622 2687 691 2723 aurea
704 2670 776 2720 mella
788 2670 857 2721 ravis.

266 2750 373 2801 Abstinet
386 2750 449 2799 alma
461 2748 533 2800 Ceret
546 2784 553 2809 ‚
566 2751 692 2815 somnique
702 2764 817 2813 papavera
828 2749 908 2797 causas

298 2827 348 2877 Dat
366 2828 410 2877 tibi
426 2844 482 2877 eum
498 2826 580 2893 tepido
591 2827 650 2877 laste
661 2825 785 2899 linenda,
800 2842 868 2890 puer.

266 2906 350 2956 Noun
367 2921 416 2955 erae
427 2905 549 2965 medium,
564 2904 699 2971 placidique
713 2904 807 2953 silentia
817 2906 915 2964 somni;

223 2998 231 3045 5
241 3000 270 3045 50
302 2985 479 3050 Triptolemum
489 2989 581 3049 gremio
592 2984 682 3034 sustulit
693 2984 734 3034 illa
743 2986 793 3033 suo.

269 3062 363 3131 Terque
373 3078 445 3113 manu
456 3063 580 3129 permulsit
591 3080 661 3113 eum:
673 3065 718 3113 tria
727 3064 835 3114 carmina
846 3060 930 3125 ditis,
