2334 3917
267 446 334 515 ²52
409 425 453 497 Ρ.
479 427 637 496 omnir
652 405 855 498 Narours'

265 547 356 595 Interea
366 547 439 596 nostri
448 548 509 614 quid
517 565 602 615 agant,
615 555 659 602 nisi
671 551 748 608 triste,
760 552 856 604 libelli?

298 625 368 673 Tibia
378 624 501 676 funeribus
512 630 625 679 conuenit
633 630 673 679 ista
684 634 752 680 meis.

266 703 296 750 At
305 718 398 766 poteras
409 740 417 765 ‚
429 708 524 772 inquis,
537 707 621 757 meliis
633 709 696 758 mala
707 709 767 762 fetrr
777 705 888 767 silendor

217 782 248 834 50
298 780 329 830 Et
339 785 424 832 tacitur
432 786 497 833 casus
506 783 654 835 dissimulare
664 801 727 836 tuos.

264 859 346 934 Exigis
352 895 362 923 ‚
373 876 401 912 ut
409 862 472 912 nulli
482 866 585 927 gemitus
596 853 716 914 tormenta
727 866 872 930 sequantur3

298 943 451 1007 deceptoque
460 945 527 1006 gravi
536 942 634 992 vulnere
644 977 652 1001 ‚
664 941 720 992 flere
730 957 805 993 vetas.

193 1084 196 1090 .
266 1017 317 1083 lpse
325 1019 426 1069 Perillbo
437 1020 542 1069 Phalaris
552 1023 661 1085 permisit
671 1023 696 1070 in
704 1037 749 1069 aere

299 1096 375 1148 Edere
384 1101 503 1162 mugitus,
516 1103 541 1149 bt
549 1101 618 1148 bovis
626 1114 667 1148 ore
677 1101 754 1165 queri.
853 1097 857 1104 “

219 1173 247 1220 55
267 1175 331 1226 Crlm
343 1176 549 1240 Priamilaerymlr
559 1175 664 1228 offensus
672 1194 722 1226 non
733 1180 764 1227 sir
775 1174 898 1236 Achilles,

299 1255 337 1302 Tu
348 1253 417 1304 fletus
427 1257 537 1316 inhibes,
548 1255 632 1306 durior
638 1256 720 1310 hoste,
733 1273 809 1304 meos.

266 1332 332 1384 Crim
343 1333 432 1384 faceret
443 1334 539 1384 Nioben
550 1337 634 1385 orbam
647 1323 733 1385 Latoia
744 1334 837 1399 proles,

299 1411 356 1461 Non
366 1426 447 1461 tamen
457 1416 483 1462 br
494 1416 567 1462 siccas
576 1416 645 1477 justit
657 1415 743 1464 habere
754 1429 833 1477 penas.

172 1536 178 1543 ,
225 1533 230 1547 ,
266 1489 305 1539 Eu
317 1487 425 1557 aliquid,
437 1489 510 1540 fatale
521 1491 613 1540 malum
622 1507 663 1556 per
673 1491 745 1541 verba
755 1491 846 1545 levare3

217 1557 249 1600 ⁶⁰
299 1569 352 1619 Hoc
362 1570 487 1636 querulam
499 1571 609 1636 Prognen
620 1569 807 1634 Halcyonenque
819 1567 885 1618 facit.

267 1649 321 1699 Hoc
331 1663 398 1708 erat,
410 1651 435 1698 in
446 1647 528 1714 gelido
538 1665 611 1714 quare
622 1649 737 1698 Paeantius
748 1661 816 1696 antro

299 1728 366 1776 Voce
374 1727 485 1792 fatigaret
492 1727 592 1789 Lemnia
603 1728 656 1776 saxa
666 1725 715 1776 sul.

266 1805 403 1870 strangulat
417 1805 520 1856 inclusus
527 1803 614 1864 dolor,
624 1821 695 1870 atque
705 1804 813 1856 exaestuat
822 1807 899 1856 intus:

299 1879 404 1945 Cogitur
415 1885 439 1930 bt
450 1885 512 1930 vires
521 1881 681 1944 multiplicare
693 1880 751 1930 suas.

219 1961 247 2012 ⁶5
268 1958 305 2008 Da
314 1962 409 2009 veniam
419 1959 498 2023 potitis
510 1978 516 2010 r
529 1960 567 2008 vel
579 1974 644 2008 totos
656 1958 715 2008 tolle
726 1958 837 2018 libellos,

300 2037 370 2095 Hoc,
385 2039 446 2086 mihi
456 2036 523 2103 quod
536 2035 646 2102 prodest,
660 2040 678 2086 si
691 2037 733 2086 tibi
747 2071 754 2095 ‚
767 2037 856 2094 lebior,
869 2037 944 2088 obest·

268 2113 314 2163 Sed
323 2130 400 2180 neque
411 2113 491 2164 obelle
499 2114 589 2178 potesta
599 2114 694 2163 ullinec
707 2116 793 2179 scripta
804 2114 900 2164 fuerunt

300 2191 403 2250 Nostra,
415 2193 461 2240 nisi
474 2193 563 2240 auoorr
573 2193 707 2255 perniciosa
718 2193 769 2240 suo.

245 2324 248 2329 ,
268 2271 299 2320 llt
309 2269 449 2320 malasunt:
460 2269 536 2318 fateor
545 2287 551 2318 r
561 2271 614 2334 quir
625 2283 648 2318 te
661 2268 725 2318 mala
734 2270 825 2318 sumere
835 2271 915 2334 tugiti

218 2350 251 2395 70
300 2350 349 2397 Aut
359 2351 412 2414 quis
422 2345 550 2412 deceptum
560 2363 649 2412 ponere
660 2349 738 2396 sumta
751 2350 833 2396 vetat!

266 2429 318 2493 lpse
328 2444 372 2477 nec
382 2425 485 2476 emendo
494 2445 501 2474 ι
510 2423 551 2476 sed
563 2424 637 2476 uthic
647 2423 747 2476 dedulia
758 2425 885 2490 legantur,

299 2505 357 2555 Non
368 2507 423 2555 sunt
432 2505 475 2554 illa
486 2507 529 2557 suo
537 2506 673 2554 barbariora
681 2503 746 2553 loco.

267 2585 318 2634 Nec
330 2601 369 2634 me
379 2587 457 2648 Roma
469 2586 515 2632 suis
525 2581 597 2632 debet
608 2581 717 2632 conferre
725 2584 811 2646 po'e'tis.

246 2709 249 2716 .
299 2664 520 2713 InterSauromatat
529 2662 666 2725 ingeniosus
677 2677 726 2708 ero.

219 2751 247 2797 75
268 2741 377 2808 Denique
387 2742 455 2790 nulla
465 2741 525 2788 mibi
536 2754 643 2804 reptatur
657 2738 749 2802 gloria,
762 2751 862 2803 qunque

300 2819 400 2884 Ingenio
410 2819 517 2868 stimulos
525 2816 623 2866 subdere
633 2816 696 2866 fama
703 2815 772 2864 solet.

268 2897 389 2946 Nolumus
398 2895 497 2946 assiduis
505 2897 613 2947 animum
623 2895 739 2947 tabescere
747 2896 823 2943 curiit

301 2977 360 3036 Qua
371 2991 452 3028 tamen
459 2978 595 3039 irrumpunt
601 3007 612 3033 „
623 2989 719 3038 quoque
728 2983 854 3029 vetantur,
866 2986 933 3022 eunt.

269 3053 320 3104 Cur
335 3052 549 3108 scribam,·docui:
558 3056 719 3111 nurmittam,
731 3054 834 3117 queritis
841 3085 850 3113 ,
862 3050 918 3100 illos
930 3054 940 3100 i
976 3111 978 3116 Ι

221 3123 252 3170 ⁸0
295 3133 426 3184 Vobiscum
437 3136 532 3197 cupiam
543 3131 654 3206 quolibet
665 3126 711 3180 elle
722 3127 806 3180 modo.
