2334 3917
275 381 344 446 280
404 375 447 445 P.
476 377 633 444 Ovrnrr
659 377 856 446 NAsorarr
957 447 960 453 ,

303 498 388 548 Mollia
398 498 527 562 naufragiis
537 499 608 548 litora
617 495 682 564 polle
694 497 754 548 darl.

191 587 195 594 ·
269 575 334 625 Crim
343 573 497 641 videoquam
507 579 556 626 rint
564 593 619 628 mea
627 576 789 637 latacen'acia,
801 578 917 642 frangora

299 653 401 718 Spesque
415 652 473 702 levia
490 669 579 718 magno
590 657 652 704 viiia
666 657 751 703 timore
761 654 835 702 cadit.

218 735 246 786 ις
268 727 318 776 Nec
330 743 410 780 umen
421 730 519 781 ulterius
534 730 668 797 quidquam
680 735 775 798 sperove
789 749 921 796 precetur,

298 805 379 867 Quam
390 807 454 858 mali
466 824 560 858 mutato
571 807 638 874 poll'e
650 826 727 859 carere
742 809 808 860 loco.

265 884 313 934 Aur
324 887 389 946 hoe,
400 899 441 936 aut
449 887 574 945 nihil'est,
592 903 635 951 pro
651 903 690 936 rue
702 901 791 936 tentare
803 883 908 936 modeste

297 963 380 1012 Gratia
395 960 463 1028 quod
474 965 537 1014 salvo
549 965 623 1014 vestra
635 961 724 1028 pudore
735 981 816 1030 queat.

266 1038 379 1102 Suscipe,
399 1039 513 1088 Romana
532 1037 662 1098 facundia,
679 1039 804 1100 Maxime,
826 1039 929 1103 linguae,

216 1129 247 1172 70
296 1112 408 1164 Difficilia
419 1117 492 1165 causa
507 1119 565 1164 mite
581 1119 756 1180 patrocinium.

263 1190 302 1238 Est
314 1190 379 1243 mala
391 1210 397 1239 z
407 1190 524 1242 confiteor
537 1210 544 1240 r
556 1191 597 1241 sed
608 1207 630 1240 te
644 1195 707 1243 bona
718 1192 760 1243 fiet
771 1208 865 1259 agente.

294 1268 367 1317 Lenia
384 1286 428 1333 pro
443 1269 581 1318 miserisne
598 1268 674 1319 rnodb
687 1272 758 1322 verba
775 1270 842 1336 lugi.

261 1343 342 1393 Nescit
354 1348 420 1393 enim
434 1343 529 1403 Cesar,
547 1351 657 1411 quamvis
674 1347 739 1398 Deus
754 1351 837 1398 omnia
848 1351 928 1408 norit,

292 1419 398 1470 Ultimus
411 1419 453 1470 hic
462 1421 511 1486 qui
521 1425 552 1471 sit
561 1422 703 1474 conditione
713 1424 789 1474 locus.

212 1515 242 1563 75
264 1497 353 1562 Magna
363 1513 444 1547 teuent
460 1497 524 1548 illud
534 1517 613 1550 rernm
624 1502 751 1552 molimina
760 1517 867 1552 numen:

293 1576 349 1625 llaec
366 1576 399 1625 est
415 1577 504 1626 coelesti
515 1581 607 1642 pedore
618 1595 675 1628 cura
685 1583 776 1630 minor.

260 1653 312 1704 Nec
324 1670 406 1714 vacat,
418 1658 443 1704 in
453 1655 501 1719 qui
512 1660 559 1705 sint
569 1659 642 1720 positi
654 1661 750 1724 regione
762 1659 885 1714 Tomitan,

291 1730 401 1792 anrere
413 1767 421 1792 ,
438 1731 543 1782 finitimo
551 1737 590 1783 vix
604 1734 657 1784 loca
668 1750 727 1784 nota
737 1735 814 1785 Geta.

259 1811 306 1860 Aur
323 1810 383 1875 quid
394 1812 538 1861 Sauromata
553 1812 656 1872 faciant,
667 1811 726 1878 quid
741 1813 835 1880 lazyges
850 1831 930 1876 acres,

210 1888 240 1937 to
290 1887 411 1953 Cultaque
428 1889 528 1938 Orestia
546 1891 647 1940 Taurica
662 1906 723 1940 terra
737 1891 804 1942 Dea.

257 1963 363 2028 Quaeque
378 1965 430 2020 alia
441 1980 538 2029 genter,
555 1969 596 2016 ubi
611 1968 700 2034 frigore
708 1970 817 2020 constitit
831 1970 906 2031 lster,

286 2038 353 2108 Dura
364 2053 446 2087 meant
461 2039 549 2098 celeri,
562 2056 627 2104 terga
641 2059 682 2108 per
690 2046 771 2093 ‘amnis
783 2077 791 2102 ‚
812 2059 884 2108 equo.

254 2111 361 2161 Maxima
368 2127 420 2175 parr
433 2113 559 2160 hominum
569 2129 613 2161 nec
626 2128 647 2162 te
655 2148 663 2173 ,
677 2115 851 2180 pulcherrirna,
868 2130 966 2176 curant,

286 2191 380 2247 Romu
391 2205 434 2238 nec
446 2190 547 2238 Ausonii
558 2191 643 2239 militis
654 2208 720 2242 arma
735 2196 830 2242 timent.

207 2278 234 2337 ⁸5
256 2267 322 2318 Dant
329 2269 421 2316 animos
432 2283 498 2316 accur
507 2266 555 2316 illis
565 2267 689 2334 plenaque
698 2272 812 2336 pharetra
823 2285 831 2328 ς

286 2345 413 2411 Ququue
428 2344 488 2394 libct
498 2345 576 2411 longis
587 2348 692 2396 cursibus
703 2363 770 2412 aptus
781 2363 864 2412 equus.

252 2418 372 2488 Quodque
389 2423 455 2470 sitim
469 2417 574 2470 didicere
587 2419 632 2470 dr'u'
648 2421 747 2471 tolerare
759 2423 915 2488 famemque3

286 2497 405 2564 Quodque
417 2501 514 2564 sequens
529 2498 607 2548 nullaa
622 2500 694 2551 hollir
704 2501 801 2550 habebit
811 2516 900 2566 aquas,

253 2576 290 2624 lra
299 2575 346 2625 Dei
358 2579 423 2643 mitis
439 2592 488 2624 non
500 2593 539 2625 me
557 2575 656 2627 misiffet
667 2581 692 2627 in
703 2578 787 2640 istam,

199 2676 232 2719 90
282 2655 306 2702 Si
317 2656 370 2702 satir
381 2651 479 2704 bacilli
493 2669 550 2704 nota
561 2652 659 2711 fuiffet,
671 2659 782 2706 humum.

249 2729 300 2778 Nec
318 2747 373 2790 me,
385 2747 428 2781 nec
443 2747 589 2798 quemquam
597 2733 732 2782 Romanum
740 2731 827 2798 gaudet
839 2733 868 2782 ab
882 2731 963 2794 hoste,

280 2808 369 2873 Meque
380 2811 458 2857 minus
469 2842 478 2868 ,
488 2812 563 2858 vitam
572 2812 611 2858 cui
619 2807 687 2860 dedit
697 2811 761 2876 ipse,
776 2814 862 2876 premi.

248 2883 350 2940 Noluit,
367 2900 394 2935 ιιι
409 2899 523 2950 poterat,
536 2889 639 2938 minimo
651 2905 690 2936 me
702 2886 798 2954 perdere
808 2904 877 2938 nutu.

280 2962 323 3013 Nil
334 2952 393 3028 opur
406 2963 439 3012 est
449 2962 505 3014 ullis
519 2967 545 3014 in
555 2982 610 3014 mea
619 2967 676 3016 Fata
689 2965 764 3016 Getis.
832 3011 834 3018 .

200 3055 230 3102 95
251 3036 296 3088 Sed
303 3055 360 3108 neq3
367 3043 673 3110 curmorcrer‚quidquarn
680 3046 862 3114 mihicornperir
869 3047 961 3098 adunat
