2334 3917
251 408 390 481 Errat.
408 424 464 481 art
476 402 629 479 Pouro
646 404 684 478 i.
699 407 767 481 tV.
820 430 834 501 3
845 378 901 503 51x

191 541 194 547 '
213 529 323 600 laesaque
340 531 459 599 suppreil'o
480 519 548 581 lonre
567 533 652 581 rerisiit
669 540 748 599 aqua}

180 606 279 661 Peliora
296 616 328 661 sic
350 630 403 662 mea
425 614 479 673 sunt
496 612 556 659 limo
578 614 660 661 vitiata
676 611 817 669 malorum,

212 689 243 738 Ec
262 706 359 739 carmen
375 689 435 739 veni
450 692 588 753 pauperiore
605 687 667 737 fluit.

181 769 205 815 Si
223 772 276 831 quir
294 771 324 817 iu-
339 770 384 816 hae
401 769 480 831 ipsum
493 767 559 815 terrai
575 763 689 831 posuiil'et
702 766 853 824 Homerum,

214 842 298 904 Ellet,
314 842 383 893 crede
401 848 481 903 mihi,
499 844 571 891 factus
594 849 618 893 ὅ(
639 844 681 891 ille
698 845 780 893 Getes.

180 914 220 973 Da
231 926 325 974 veniam
337 920 396 971 fallo
409 942 416 970 t
428 920 508 971 studiis
526 938 623 987 quoque
637 921 705 969 frena
720 923 817 977 remisi;

213 999 316 1049 Ducitur
333 1004 357 1049 &
376 998 456 1065 digitis
470 1000 537 1049 litera
549 1016 600 1047 rara
611 1003 679 1047 meis.

180 1074 286 1139 Impetus
306 1077 348 1126 ille
366 1079 445 1132 sacer,
463 1081 504 1143 qui
519 1094 601 1145 vatum
619 1081 712 1141 pectora
726 1076 820 1133 nutrit,
911 1075 939 1126 25

214 1154 262 1213 Qui
279 1152 341 1219 pride
357 1158 382 1204 in
398 1156 467 1203 nobis
485 1150 529 1204 effe
548 1155 657 1211 solebat,
675 1151 746 1201 abest.

181 1229 229 1278 Vix
240 1234 305 1279 venit
315 1230 344 1279 ad
356 1246 445 1295 partes,
461 1234 500 1281 vix
519 1234 601 1279 sumtre
617 1232 686 1279 Musa
699 1229 791 1279 tabellae

214 1308 319 1371 imponit
334 1313 410 1373 pigras
426 1326 491 1375 paene
511 1312 591 1357 coacta
606 1325 698 1357 manus.

182 1377 317 1451 Parvaque,
336 1404 364 1434 ne
380 1386 458 1435 dicam
469 1384 585 1435 scribendi
601 1387 683 1440 nulla,
697 1384 808 1449 voluptas

215 1462 253 1509 Est
264 1464 323 1511 mihi
336 1482 341 1509 r
353 1480 396 1511 nec
407 1468 511 1511 numeris
526 1466 616 1511 nederc
629 1465 700 1513 verba
711 1468 788 1527 juvat.
912 1472 943 1519 30
984 1489 987 1495 ·

181 1542 235 1589 Sive
249 1538 315 1605 quod
333 1542 388 1588 hinc
406 1540 493 1589 frullus
511 1539 571 1589 adeo
587 1558 636 1589 nou
651 1544 755 1605 cepimus
767 1540 847 1602 ullos,

215 1621 360 1684 Principium
373 1621 447 1669 nostri
465 1631 500 1667 re's
516 1622 547 1667 sit
564 1635 591 1669 ut
607 1621 650 1668 ista
666 1620 725 1668 mali
742 1638 748 1668 a

182 1700 235 1747 Sive
249 1696 316 1763 quod
331 1701 357 1746 in
374 1699 475 1746 tenebris
490 1700 629 1746 numerosos
643 1714 730 1763 ponere
746 1694 850 1762 grellus,

216 1774 335 1841 Quodque
346 1776 408 1839 legas
419 1776 496 1831 nulli,
512 1765 612 1825 serib‘ere
622 1792 717 1823 carmen
728 1809 737 1829 ‚
757 1774 821 1823 idem
837 1774 878 1825 est.

182 1852 276 1903 Excitat
297 1851 392 1903 auditor
409 1851 512 1901 studium
535 1872 542 1901 r
564 1852 707 1918 laudataque
722 1856 797 1902 virtus
913 1869 940 1916 35

216 1932 310 1981 Crescit
323 1950 331 1991 3
350 1934 375 1980 δι
391 1933 535 1979 immensum
549 1931 626 1995 gloria
641 1932 719 1978 calcar
733 1932 813 1980 habet.

183 2006 231 2057 Hic
248 2026 300 2058 mea
317 2012 355 2057 cui
372 2012 490 2067 recitem,
509 2012 554 2057 nisi
569 2006 637 2058 flavis
658 2010 743 2073 scripta
761 2007 880 2064 Corallis,

217 2082 327 2147 Quasque
350 2083 407 2131 alias
426 2097 507 2147 gentes
527 2082 638 2131 barbarus
657 2082 713 2131 Ister
731 2085 822 2132 habet?

181 2158 229 2223 Sed
246 2159 305 2225 quid
325 2160 389 2209 solue
410 2164 498 2225 agam?
517 2160 611 2227 quique
628 2160 734 2210 infelicia
743 2159 842 2226 perdam

217 2237 274 2284 Otia
290 2238 405 2292 materia,
423 2240 594 2304 surripiamque
608 2238 692 2287 diem?
913 2254 947 2300 4ο

185 2306 249 2360 Nam
262 2316 317 2378 quia
333 2329 376 2361 nec
392 2318 493 2375 vinum,
510 2332 553 2364 nec
563 2332 602 2364 me
615 2331 679 2365 tenet
689 2316 741 2364 alea
751 2314 840 2377 fallax,

217 2389 260 2437 Per
280 2404 332 2454 quae
350 2389 413 2437 clam
434 2394 535 2440 tacitum
552 2408 644 2457 tempus
662 2396 727 2441 abire
744 2392 822 2451 solet3

185 2458 237 2516 Nec
255 2482 309 2525 me,
327 2466 394 2531 quod
405 2484 536 2533 cuperem,
555 2472 573 2517 si
591 2487 632 2535 pet
647 2469 768 2519 fera-bella
781 2470 881 2532 liceret,

218 2543 328 2592 ouieuat
348 2545 415 2593 cultu
430 2561 490 2595 terra
505 2562 592 2597 novata
608 2550 659 2597 suo,

185 2618 268 2679 Quid,
286 2623 331 2669 nisi
344 2620 464 2683 Pierides,
483 2622 568 2673 solatia
583 2622 689 2689 frigida,
708 2625 815 2687 restant,
913 2638 942 2688 45

218 2694 275 2745 Non
292 2698 350 2744 bene
367 2694 397 2745 de
412 2700 481 2747 nobis
502 2715 554 2764 quae
571 2714 695 2759 meruere,
716 2698 791 2753 Deae

185 2777 218 2825 At
235 2788 281 2834 tu,
301 2777 339 2823 cui
359 2776 448 2824 bibitur
465 2774 557 2844 felicius
577 2778 667 2825 Aonios
685 2776 759 2837 fons,
799 2784 802 2788 ’

217 2853 316 2902 Utiliter
333 2852 436 2903 studium
454 2852 520 2921 quod
538 2854 581 2903 tibi
599 2852 664 2903 cedit
674 2889 682 2914 ,
699 2861 761 2904 arna.

177 2934 301 2997 ¹Sacraque
318 2932 442 2981 Musarum
462 2932 550 2981 merito
567 2932 620 2981 cole
632 2952 638 2980 r
649 2930 763 2999 quodque
773 2932 895 3001 legamus,

217 3008 270 3059 Huc
287 3006 388 3078 aliquod
402 3008 463 3062 cu'rae
482 3012 552 3061 mitte
566 3012 667 3061 recentis
679 3027 750 3081 opus.
914 3027 944 3076 50
