2334 3917
273 411 342 476 304
411 386 455 457 Ρ.
477 390 635 458 Ονιιιιι
656 390 851 463 Nasonis

298 511 328 560 Et
336 527 371 560 res
380 509 492 560 heredem
503 515 590 576 reperit
600 511 643 562 illa
652 503 730 562 suum.

219 598 247 645 55
266 587 333 638 Hane
349 604 395 653 ego
410 605 477 644 non,
493 604 574 639 utine
590 588 718 640 defendere
733 604 825 650 tentet,
841 588 938 639 adoro:

297 665 355 715 Non
366 666 399 715 est
409 667 512 716 confessi
526 669 597 718 causa
612 666 700 718 ruenda
715 671 757 718 rei.

265 743 333 792 Num
342 760 424 794 tamen
434 748 529 794 excuses
541 749 626 795 erroris
636 749 739 811 imagine
751 746 855 803 fabium,

297 823 335 872 An
349 823 411 872 nihil
427 822 537 888 expediat
551 824 599 872 tale
614 839 730 885 movere,
744 821 808 872 vide.

265 898 377 950 Vulneris
389 898 416 949 id
429 917 503 966 genus
515 901 560 955 est.
577 899 645 966 quod
659 900 714 950 etim
731 900 833 951 sanabile
849 916 900 950 non
916 901 963 959 sit,

218 976 250 1020 60
298 977 357 1028 Non
373 982 512 1028 contrectari
527 982 602 1028 tutius
618 975 664 1028 eise
678 995 770 1044 putem.

237 1078 240 1084 ·
266 1056 376 1122 Lingua,
387 1057 429 1106 sile
441 1075 448 1106 ι
459 1073 509 1106 non
525 1057 558 1106 est
574 1058 637 1106 ultra
653 1058 771 1106 narrabile
787 1053 931 1121 quidquam.

299 1131 368 1182 Poffe
381 1134 455 1184 veiim
471 1137 560 1184 eineres
574 1136 675 1184 obruere
691 1136 740 1200 ipse
754 1150 831 1182 meos.

267 1212 304 1259 Sic
315 1214 403 1274 igitur,
413 1213 482 1276 quasi
493 1227 532 1260 me
545 1210 625 1260 nullus
636 1209 757 1276 deceperit
766 1227 848 1270 error,

300 1289 380 1337 Verba
394 1289 465 1348 sace,
483 1302 510 1337 ut
525 1287 596 1346 viri,
613 1285 770 1353 quam-dedit
785 1289 853 1352 ipse,
873 1286 947 1336 fruar.
986 1339 990 1348 ,

220 1376 248 1430 65
267 1364 380 1432 Ctimqne
393 1368 487 1414 serenus
505 1369 563 1420 erir,
578 1366 706 1432 vultusque
722 1368 838 1414 remiserit
851 1364 923 1423 illos,

298 1445 348 1504 Qui
363 1447 443 1494 seeum
459 1459 531 1492 terras
547 1447 724 1510 imperiumque
740 1457 855 1499 movent3

267 1521 383 1585 Exiguam
403 1537 433 1570 ne
454 1538 492 1570 nae
509 1519 614 1586 predam
631 1524 692 1570 sinat
708 1517 754 1570 effe
771 1521 905 1577 Getarum,

299 1597 394 1664 Detque
414 1598 493 1648 solum
511 1600 602 1648 misere
617 1601 693 1657 mite,
705 1614 820 1662 precare,
835 1598 906 1660 fuge.

268 1677 373 1742 Tempus
387 1674 451 1726 adest
461 1692 543 1741 aptum
557 1677 664 1741 precibus
676 1695 682 1724 z
695 1675 760 1726 valet
770 1677 818 1742 ipse
828 1709 836 1734 ,
847 1673 960 1740 videtque

220 1770 252 1814 70
301 1755 364 1815 Quas
382 1756 440 1804 fecit
455 1754 532 1814 uites,
550 1756 645 1809 Roma,
661 1753 740 1804 valere
757 1768 817 1802 tuas.

268 1832 399 1881 Incolumis
414 1837 502 1896 conjux
521 1834 561 1882 sua
576 1832 707 1897 pulvinaria
725 1834 801 1881 servat
819 1850 825 1879 ι

133 1946 135 1949 -
222 1900 225 1904 ’
257 1891 271 1912 ⁰
301 1910 430 1959 Promovet
447 1912 578 1960 Ausonium
596 1908 657 1959 filins
674 1912 809 1974 imperium.

268 1986 374 2035 Praeterit
388 1990 437 2051 ipse
448 1989 501 2036 suos
512 1991 593 2037 animo
610 1989 765 2037 Germanicus
780 2003 872 2048 annos,

300 2063 351 2112 Nec
362 2062 432 2128 ‘uigor
443 2065 475 2112 est
484 2065 556 2115 Drusi
566 2064 693 2116 nobilitate
704 2068 792 2114 minor.

221 2153 249 2197 75
269 2138 336 2190 ridde
346 2157 433 2198 nurus,
445 2156 573 2206 neptesque
584 2145 648 2206 pias,
660 2157 775 2208 natosque
786 2156 917 2206 nepotum,

300 2217 434 2284 Ceteraque
442 2220 549 2282 Auguste
558 2221 665 2270 membra
673 2220 751 2270 valete
759 2218 846 2283 domtis
858 2239 864 2268 s
942 2241 945 2248 ¹

268 2295 336 2347 Adde
348 2299 505 2362 triumphatos
517 2297 594 2348 modb
605 2299 723 2358 Pmouas,
735 2297 796 2348 adde
805 2299 882 2364 quieti

300 2374 399 2424 Subdita
412 2390 533 2425 montane
545 2379 642 2426 brachia
654 2376 791 2425 Dalmatia.
991 2369 1001 2408 ⁸.

268 2451 319 2502 Nec
339 2452 467 2518 dedignata
480 2454 530 2513 est,
546 2455 654 2518 abjeiiis,
673 2452 764 2516 illyris,
784 2457 875 2513 armis,

219 2528 251 2575 80
299 2528 435 2580 Cesareum
451 2531 542 2583 famulo
555 2535 645 2582 vertice
662 2531 722 2580 ferre
737 2529 834 2596 pedem.

267 2607 318 2672 Ipse
335 2609 402 2672 super
417 2624 529 2667 currum,
546 2605 642 2673 placido
656 2607 787 2672 speiiabilis
802 2625 862 2667 ore,

246 2687 252 2707 '
295 2685 415 2761 Tempora
430 2685 535 2734 Phoebei
550 2688 642 2750 virgine
660 2702 719 2734 nexa
734 2686 801 2734 tulit.

267 2761 346 2823 Quem
356 2765 395 2826 pia
405 2762 528 2812 vobiscum
544 2763 623 2827 proles
638 2765 763 2814 comitavit
776 2779 891 2823 euntem,
933 2799 936 2806 ,

299 2839 380 2903 Digna
394 2855 490 2904 patente
505 2842 566 2900 suo,
580 2843 764 2907 nominibusque
776 2839 847 2890 datis.

219 2939 249 3000 ὃς
266 2917 386 2966 fratribus
399 2918 521 2978 assimilis,
534 2935 596 2984 quos¹
605 2922 713 2984 proxima
723 2919 813 2984 templa
823 2933 946 2972 tenentes.

300 2995 376 3045 Divus
392 2997 423 3046 ab
439 2995 529 3046 excelsa
538 2997 615 3046 Julius
627 2996 677 3048 aede
691 2995 767 3054 videt.

190 3105 193 3110 -
268 3073 312 3124 His
327 3070 490 3138 Meffellinus,
500 3076 585 3142 quibus
597 3078 679 3129 omnia
689 3073 771 3128 cedere
783 3071 870 3126 debent
877 3104 887 3132 ,
958 3114 962 3122 .
