2334 3917
241 367 384 434 Errsr.
412 381 470 432 nx
492 363 646 434 Pouro
670 367 708 436 L.
735 371 765 436 I.
807 376 874 458 287

198 487 263 548 Quas
279 505 294 537 a
311 503 350 536 me
360 485 449 538 veliem
462 503 513 536 non
526 485 646 538 didieiffet
660 489 744 540 Amor.

166 565 210 614 iile
221 565 323 616 domum
338 561 427 615 rediit:
438 582 483 615 nos
498 569 535 615 his
550 568 683 616 moriemur
694 571 719 617 in
733 569 811 627 arvis,

200 645 327 694 Perstiterit
344 643 393 694 laxi
406 648 426 692 si
439 647 516 709 gravis
531 647 567 694 ira
579 644 635 694 Dei.

168 722 255 772 Durius
269 723 386 788 eiigitur
401 723 528 782 nostrum,
545 720 660 771 fidissima
671 725 776 788 conjux,
855 757 858 764 ⁴
892 728 922 775 45

201 800 247 848 ilio
259 834 267 859 ‚
284 797 351 866 quod
361 800 432 849 subiit
443 801 532 849 AEsone
542 815 629 859 natus,
647 815 717 848 onus.

170 878 205 928 Te
221 894 319 943 quoque
333 912 341 937 ,
358 893 430 944 quam
444 881 555 941 juvenem
567 875 690 926 discedens
701 876 765 925 Urbe
776 875 878 944 reliqui,

200 954 324 1014 Credibile
335 956 368 1003 est
378 956 461 1005 uostris
474 951 600 1004 insenuiii'e
610 954 688 1005 maiis.

169 1035 192 1084 0
203 1035 209 1082 2
229 1050 292 1098 ego,
310 1031 345 1082 Di
358 1033 448 1082 faciant
458 1067 468 1092 ,
479 1033 553 1082 talem
565 1048 588 1082 te
598 1048 692 1082 cernere
702 1034 791 1096 possim
802 1065 810 1089 ‚

200 1111 310 1177 Caraqne
325 1115 422 1160 mutatis
438 1110 520 1160 oscula
535 1109 597 1158 ferre
614 1109 692 1173 genis!
899 1117 931 1166 ςο

168 1189 332 1253 Αωρὶιᾶἰςικ
343 1191 404 1249 ineis
419 1203 505 1252 corpus
521 1204 571 1237 non
592 1192 679 1252 pingue
695 1186 805 1245 lacertir;

202 1267 247 1324 Et,
260 1265 355 1315 Gracile
365 1265 498 1320 hocfecit‚
512 1263 610 1325 dicere,
622 1265 751 1314 curameii
777 1265 780 1268 ’

168 1342 199 1393 Et
214 1358 307 1392 narrare
323 1358 390 1391 meos
401 1342 469 1392 flenti
480 1341 539 1392 flens
548 1345 597 1408 ipse
606 1341 717 1402 labores,

199 1421 297 1484 Sperato
308 1435 441 1486 numquam
451 1419 625 1486 colloquioque
638 1419 685 1468 frui
696 1419 703 1468 i

167 1496 278 1568 Turnque
289 1495 421 1547 Cesaribus
430 1515 486 1547 eum
498 1501 600 1563 conjuge
611 1497 704 1548 Caesare
715 1495 805 1562 digni,
900 1519 926 1564 55

198 1572 244 1620 Dis
260 1576 321 1623 veris
331 1607 340 1632 ,
349 1577 464 1624 -memori
475 1573 557 1623 debita
567 1574 628 1622 ferre
639 1575 727 1626 manui

166 1650 306 1702 Memnonis
322 1653 384 1701 huuc
396 1656 488 1702 urinam
498 1686 507 1712 ,
519 1652 595 1701 lenito
605 1652 731 1716 Principe,
743 1667 819 1700 maret

199 1729 281 1790 Quini
291 1729 396 1794 primum
407 1733 476 1781 roseo
486 1743 602 1796 provocet
612 1745 654 1779 ore
664 1728 729 1781 diem
739 1736 744 1781 i

181 1864 883 1940 βψω»
945 1809 947 1817 '

315 2003 655 2067 EPISTOLA
695 2004 735 2066 V.

378 2125 676 2186 MAXIMO.

171 2217 271 2333 que
287 2297 340 2333 tuos
351 2283 475 2350 quondam
486 2302 537 2335 nou
547 2284 646 2336 ultimus
655 2290 718 2336 inter
728 2289 818 2336 amicos
829 2321 838 2347 ,

205 2362 241 2410 Ut
255 2364 295 2410 sua
309 2364 380 2411 verba
396 2363 476 2428 legas,
490 2364 610 2423 Maxime,
627 2365 692 2413 Naso
708 2380 784 2428 rogat.

169 2439 197 2489 ln
212 2442 298 2505 quibus
312 2442 436 2505 ingenium
446 2439 528 2491 desiste
538 2445 655 2507 requirere
666 2441 791 2502 nostrum,

203 2518 301 2567 Nescius
312 2519 388 2568 exsilii
395 2535 424 2568 ne
434 2517 529 2569 videare
541 2522 599 2569 mei.

170 2593 274 2655 Cernis,
285 2611 312 2644 ut
320 2588 435 2661 ignavum
445 2613 600 2662 corrumpant
609 2599 660 2646 otia
670 2613 769 2661 corpus:
902 2612 913 2656 ς

204 2673 240 2722 Ut
256 2676 351 2738 capiant
366 2677 471 2733 uitium,
487 2674 513 2722 ni
527 2689 683 2733 moveantur,
695 2689 771 2738 aque.

169 2751 204 2800 Et
218 2753 278 2800 mihi
296 2754 315 2800 si
330 2755 383 2818 quie
396 2767 445 2802 erat
457 2750 561 2801 ducendi
572 2745 764 2809 carminifusus‚

205 2828 312 2888 Deficit3
329 2830 408 2896 estque
422 2833 502 2880 minor
517 2829 590 2879 sacius
600 2833 676 2878 inerte
686 2832 743 2878 situ.

170 2907 399 2974 Haecquoque,quae
406 2901 519 2973 iegitieri
528 2905 595 2973 quod
602 2903 885 2967 mihi,Maxime,credis,

204 2986 335 3035 Scribimus
348 2987 442 3044 inviti,
453 2987 539 3050 vixque
550 2987 646 3043 consta,
659 2999 740 3032 mauu.
905 3013 937 3046 ω

170 3063 232 3116 Non
243 3064 302 3113 libet
311 3067 338 3114 in
351 3065 409 3115 tales
419 3067 527 3115 animum
538 3059 682 3113 contendere
692 3077 775 3120 eursu
