2334 3917
303 411 579 478 Turturum
601 404 702 472 tun.
721 404 795 473 JV.
848 418 911 494 245
964 400 966 404 ’

231 529 287 591 Qua
297 534 368 580 maris
377 530 463 578 Euxini
474 543 536 579 terra
546 528 637 578 sinistra
645 531 715 594 jacet.

196 606 251 658 Hoc
259 611 320 658 mihi
332 612 351 657 si
359 608 449 674 Delphi
460 641 467 667 ,
478 605 632 672 Dodonaque
643 605 731 656 diceret
739 603 803 670 ipsa,

229 683 283 735 Effe
292 685 412 737 videretur
423 700 497 736 vanus
508 700 608 751 uterque
617 684 693 734 locus.

195 764 239 814 Nil
247 763 308 814 adeo
318 763 427 815 validum
437 755 485 823 est,
498 762 593 813 adamas
604 763 662 811 licet
669 763 751 828 alliget
761 761 838 819 illud,
931 782 961 830 45

228 842 263 891 Ut
270 858 366 892 maneat
378 840 462 907 rapido
475 841 566 890 firmius
576 843 632 906 igne
642 842 716 891 lovis.

194 918 238 968 Nil
249 924 283 969 ita
294 921 397 969 sublime
408 920 454 979 est,
467 921 582 985 supraque
593 917 697 984 pericula
709 916 805 980 tendit,
910 985 913 992 Ι

227 993 286 1044 Non
295 998 328 1044 sit
338 1011 365 1044 ut
374 994 474 1042 inferius
482 996 680 1059 suppositumque
690 993 755 1042 Deo.

192 1071 258 1121 Nam
267 1086 414 1137 quamquam
426 1073 487 1120 vitio
502 1086 554 1134 pars
565 1069 598 1118 est
609 1071 730 1118 contraiit
739 1067 859 1120 malorum
870 1106 877 1132 ,

226 1147 282 1196 Plus
292 1163 373 1197 tamen
384 1151 449 1196 exitii
461 1150 566 1196 numinis
577 1150 612 1196 ira
623 1144 701 1207 dedit,
931 1150 940 1193 t
945 1149 960 1180 0

191 1227 226 1276 At
235 1242 278 1275 vos
290 1223 409 1275 admoniti
421 1225 506 1275 nostris
521 1241 618 1291 quoque
630 1225 721 1274 casibus
732 1223 794 1286 este,

224 1301 373 1367 AEquantem
383 1304 484 1370 Superos
495 1299 619 1353 emeruille
629 1305 718 1355 virum.

191 1447 905 1524 ψ»

363 1568 733 1660 uu'uorirx.
805 1565 808 1570 “

194 1687 249 1808 Si
268 1757 340 1818 licet,
355 1761 380 1809 δε
391 1762 493 1825 pateris,
508 1775 597 1809 nomen
610 1760 747 1824 facinusque
759 1757 861 1818 tacebo,

221 1836 253 1886 Er
267 1853 308 1887 tua
318 1838 420 1908 Lethlaeis
430 1841 481 1888 adia
491 1836 611 1888 dabuntur
619 1840 701 1904 aquis3

188 1913 322 1982 Nostraque
332 1917 440 1965 vincetur
451 1916 564 1979 lacrymis
578 1916 707 1965 clementia
719 1916 783 1964 seris.

219 1994 266 2044 fac
278 1992 355 2043 modo
366 2010 388 2044 te
397 2009 476 2060 pateat
486 1991 623 2059 poenituille
635 1996 679 2044 tui.

186 2071 233 2122 Fac
250 2071 326 2122 modo
344 2088 367 2124 te
377 2071 491 2130 damnes.
508 2076 636 2140 cupiasque
647 2071 743 2125 eradere
753 2077 809 2127 vitae
924 2079 935 2125 5

220 2150 358 2215 Tempora,
371 2154 390 2198 si
403 2152 493 2216 possis,
505 2151 658 2217 Tisiphonaea
669 2166 725 2202 tuae.

184 2229 227 2278 Sin
239 2231 335 2288 miuus,
347 2233 371 2278 &
382 2228 484 2296 flagrant
494 2229 553 2280 odio
568 2245 609 2279 tua
618 2233 713 2296 pellora
721 2231 817 2288 nostro3

218 2305 304 2356 Induet
314 2306 399 2357 infelix
411 2325 476 2357 arma
487 2312 568 2358 condia
579 2308 660 2358 dolor.

185 2385 304 2435 simliter
315 2401 461 2447 extremum,
475 2391 536 2437 sicut
546 2389 599 2435 sum
611 2423 619 2448 ‚
636 2385 718 2437 millus
731 2391 757 2438 in
767 2389 851 2439 orbem
857 2423 866 2451 ,

217 2462 303 2513 Nostra
314 2466 365 2513 suas
375 2465 433 2513 istuc
445 2469 551 2530 porriget
559 2469 594 2514 ira
605 2482 698 2514 manus.
878 2473 882 2482 '
922 2479 950 2512 10

184 2540 289 2600 Omnia,
303 2544 322 2590 si
331 2543 407 2591 nescis
420 2576 427 2600 ‚
436 2540 517 2591 Caesar
528 2544 589 2590 mihi
596 2546 649 2608 juta
658 2542 769 2609 reliquic3

217 2619 248 2668 Et
258 2618 308 2667 sola
318 2620 351 2668 cll
360 2618 437 2684 patrii
448 2635 520 2684 poena
528 2637 608 2669 carere
620 2621 682 2671 meai.

183 2696 214 2746 Et
222 2701 324 2762 patriam
336 2732 344 2756 ,
355 2695 432 2746 modo
444 2700 575 2763 sitsospes,
588 2700 707 2764 speramus
718 2700 747 2749 ab
758 2699 811 2752 illo.

214 2777 279 2841 Saepe
289 2776 354 2826 lovis
365 2775 415 2825 telo
426 2793 525 2842 quercus
535 2776 617 2827 adusta
629 2781 700 2828 viret.

181 2851 293 2919 Denique
304 2852 415 2923 vindicio
426 2857 444 2902 si
456 2857 486 2904 sit
495 2858 554 2904 mihi
565 2856 632 2906 nulla
644 2857 762 2919 facultas,
919 2879 945 2926 ¹5

214 2930 318 2984 Pl‘e'rides
329 2936 389 2981 vires
401 2935 425 2981 δι
435 2934 475 2981 sua
486 2934 533 2982 telc
545 2932 647 2984 dabunt.

122 3059 125 3062 ,
180 3008 215 3058 Ut
227 3011 344 3072 Scythicis
352 3011 457 3060 habitem
469 3010 540 3075 longi
551 3013 675 3062 submotus
685 3016 710 3062 in
721 3016 769 3064 oris
780 3045 788 3074 ‚

211 3089 325 3162 Siccaque
336 3091 384 3140 sint
394 3088 471 3162 oculis
478 3093 588 3156 proxima
599 3094 665 3160 signa
675 3095 734 3142 meis
746 3111 752 3140 e

720 3171 782 3238 Lttj
832 3197 837 3200 -
