2334 3917
262 402 326 489 3²8
402 398 445 471 P.
472 400 631 473 Ovum
651 401 846 477 NAsourr

288 528 323 575 sir
339 528 412 576 virtue
423 529 494 577 etiam
506 544 556 589 uon
568 529 687 593 probitate
698 533 787 579 minor.

204 608 234 654 95
255 600 311 652 Non
324 606 366 652 tibi
379 608 509 655 Amazonia
520 606 552 655 est
563 624 606 671 pro
618 624 656 655 me
671 606 787 658 sumenda
797 607 904 665 securis,

286 681 332 729 Aut
348 685 424 731 excise
436 683 483 732 levi
494 686 558 749 pelta
570 684 675 749 gerenda
683 702 765 735 manu.
947 674 950 679 ⁸

252 754 349 809 Numen
360 759 509 811 adorandum
520 762 569 820 est3
583 780 631 811 non
645 778 671 811 ur
681 765 740 811 mihi
752 762 795 811 fiat
809 763 935 825 amicum,

283 836 370 889 Sedsit
380 842 503 888 utiterum
515 838 605 905 ,quim
619 839 665 888 fuir
673 856 727 889 ante
739 874 747 899 ,
759 841 849 889 minuis.

251 914 334 965 Gratia
345 920 364 965 si
375 917 441 967 nulla
452 918 500 971 est,
513 918 624 979 lacrymae
637 920 681 967 ribi
694 923 771 983 gratia
781 918 851 967 fient.

205 988 252 1025 ¹⁰⁰
285 994 337 1043 Hac
350 1010 433 1059 potes,
448 1010 489 1045 aut
499 994 584 1053 nulli,
600 1010 666 1060 parte
678 1013 775 1045 movere
787 996 862 1044 Deos.

252 1069 311 1131 Quae
323 1073 366 1120 tibi
381 1088 411 1121 ne
423 1069 516 1129 desint,
535 1072 595 1119 bene
605 1088 645 1135 per
658 1072 722 1120 mala
733 1072 813 1120 nostra
825 1086 942 1121 caveture

283 1148 371 1215 Meque
382 1152 451 1205 viro,
462 1147 535 1197 flendi
546 1152 616 1213 copia
629 1148 695 1198 diver
707 1147 779 1198 adest.

250 1224 332 1291 thue
342 1244 400 1276 mee
413 1244 446 1275 res
458 1228 527 1285 suut,
538 1230 619 1284 omni,
634 1242 712 1291 puto,
728 1243 838 1291 tempore
850 1224 928 1275 flebis·

283 1304 330 1351 Hae
347 1306 451 1353 fortuna
463 1305 507 1353 tibi
525 1304 604 1353 nostra
615 1306 732 1355 ministrat
747 1322 814 1369 oper.

205 1392 245 1440 ιο,
253 1382 275 1429 si
293 1397 345 1429 mee
360 1398 425 1429 mors
437 1380 575 1429 redimenda
587 1381 641 1437 rui,
653 1380 720 1448 quod
732 1370 876 1443 aboininor‚
891 1380 969 1444 effet,

282 1457 377 1507 Admeti
388 1462 494 1522 conjux.
512 1475 585 1524 quam
600 1462 743 1525 sequereris,
756 1476 816 1510 erat.

250 1535 346 1585 AEmula
359 1536 488 1601 Penelopes
499 1535 565 1585 fieres
577 1572 585 1596 ,
598 1540 618 1585 ei
629 1536 713 1587 fraude
723 1535 811 1602 pudici

281 1614 393 1663 instanter
403 1614 477 1663 velles
488 1613 570 1663 fallere
583 1630 656 1679 nupta
666 1631 762 1679 procos.
796 1660 799 1665 ,
897 1619 902 1626 “

249 1693 272 1741 Si
284 1710 364 1741 eomes
375 1694 477 1742 exstinu‘ii
489 1694 572 1741 Manes
583 1696 704 1760 sequerere
712 1695 793 1741 mariti
802 1726 813 1748 ,

202 1757 247 1798 ΗΟ
281 1766 345 1819 Effer
358 1768 405 1819 dux
417 1771 472 1819 fasti
485 1769 617 1821 Laodamia
630 1774 673 1821 tui.

247 1847 325 1912 Iphias
333 1864 387 1897 aute
398 1848 482 1897 oculos
493 1850 537 1899 tibi
548 1865 598 1898 erat
608 1846 738 1914 ponenda,
750 1847 845 1898 volenti

280 1924 375 1989 Corpus
385 1929 410 1974 in
422 1928 531 1975 accensos
542 1930 638 1976 mittere
650 1926 713 1994 forte
724 1942 806 1992 rogos.

247 2000 289 2053 Nil
299 2019 358 2066 opus
370 2004 402 2051 est
411 2003 459 2052 leto
469 2038 477 2063 ,
486 2004 521 2051 nil
535 2003 663 2054 icariotide
672 2004 737 2054 teli:

278 2078 377 2129 Caesaris
390 2095 414 2128 ar
426 2084 515 2145 conjux
525 2098 567 2129 ore
578 2081 697 2145 precanda
709 2097 760 2131 tuo.

201 2155 305 2217 ¹¹5Quae
322 2156 413 2221 prestat
423 2160 511 2205 virtute
522 2156 580 2217 sui,
595 2175 625 2207 ne
637 2161 713 2223 prisca
722 2159 823 2209 vetustas

278 2232 357 2284 Laude
368 2232 489 2299 pudicitie
500 2234 578 2284 secula
588 2236 667 2285 nostra
678 2253 780 2301 premat,

182 2347 184 2351 .
245 2312 304 2374 Quae
319 2314 415 2362 Veneris
432 2312 553 2372 formam,
572 2310 760 2363 morer'iunonis
770 2310 903 2373 habendo,

278 2392 334 2441 Sola
345 2391 392 2447 est,
408 2390 497 2441 coelesti
509 2389 581 2456 digna
593 2406 684 2457 reperta
696 2407 763 2441 toro.

246 2466 312 2528 Quid
329 2467 448 2533 rr'epidas?
461 2466 521 2536 quid
528 2467 593 2519 adire
604 2474 690 2519 times?
702 2486 751 2518 non
762 2472 837 2535 impia
847 2470 962 2534 Progne,

198 2552 243 2584 ¹20
277 2544 366 2596 Filiave
380 2545 453 2595 AEetae
463 2564 523 2597 voce
535 2546 655 2597 movenda
665 2547 706 2597 tui
716 2547 759 2595 est:

244 2623 295 2673 Nee
306 2641 378 2673 nurus
390 2624 509 2689 AEgypri,
528 2642 571 2675 nee
585 2627 846 2689 saevaJAgamemnonis
862 2641 922 2677 uxor
930 2658 944 2687 ,

275 2702 384 2766 Scyllave
393 2738 402 2762 ,
414 2718 466 2769 quae
479 2703 567 2753 Siculas
576 2706 673 2768 inguine
682 2709 754 2752 terr'et
762 2719 835 2768 aquas
844 2720 851 2749 ε

241 2780 389 2846 Telegonive
399 2797 482 2846 parens
492 2779 612 2831 vertendis
624 2797 680 2830 nata
689 2779 788 2846 figuris,

275 2857 370 2907 Nexeve
381 2856 482 2907 nodosas
491 2874 566 2923 angue
583 2857 685 2908 Medusa
694 2874 783 2907 comas.

194 2938 239 2983 ¹25
243 2934 339 2995 Femina
350 2934 390 2985 sed
399 2936 524 3001 Princeps,
541 2939 567 2985 in
581 2952 629 3002 qua
637 2937 741 2986 Fortuna
753 2932 833 2985 videre

273 3014 302 3061 se
313 3014 415 3078 probat,
434 3017 459 3063 δε
478 3030 546 3063 caecae
561 3016 662 3066 crimina
677 3015 735 3064 falsa
752 3014 816 3062 tulit.

244 3089 299 3159 Qui
312 3091 373 3143 nihii
383 3094 409 3143 iu
420 3095 501 3157 terris,
513 3090 544 3146 ad
554 3090 630 3145 finem
640 3092 703 3145 Solis
713 3094 743 3143 ab
754 3105 807 3166 ortu
816 3123 827 3151 ‚
