2334 3917
292 367 558 440 ansrrurr
583 377 683 448 Lrn.
712 383 755 450 V.
832 399 896 479 263

217 479 261 532 Per
274 485 367 537 mediae
379 493 405 538 in
423 493 490 558 equis
501 496 567 562 itque
579 497 687 568 reditque
700 507 759 555 viae.

183 558 307 626 inquibus
317 567 446 629 dinemo,
458 575 500 637 qui
510 591 561 626 non
571 575 699 642 Coryton,
712 587 737 632 ὅτ
748 600 828 636 arcum
841 621 849 650 ‚
920 611 947 658 ¹5

217 639 323 707 Telaque
334 646 431 709 vipereo
442 647 520 700 lurida
531 651 588 702 felle
599 671 673 718 gerat.

183 715 238 765 Vox
250 717 314 780 fera,
328 736 381 771 trux
392 725 490 786 vultus,
503 733 627 782 verissima
638 735 723 788 Martis
734 741 816 806 imago
827 762 832 790 :

216 797 275 847 Non
285 817 370 862 coma,
383 819 433 852 non
442 805 493 855 ulra
501 808 574 859 barba
584 814 670 864 tesedia
680 834 762 868 manu.

182 870 288 928 Dextera
298 893 348 927 non
359 882 434 945 segnis
445 881 494 932 fixo
505 883 560 936 dare
570 890 670 942 vulnera
681 895 776 957 cultro,

216 952 294 1012 Quem
307 959 412 1007 vinstum
423 959 492 1010 lateri
502 964 614 1017 barbarus
627 975 707 1022 omnis
721 977 802 1026 habet.

184 1027 252 1080 Vivit
266 1035 292 1080 in
307 1037 358 1094 his,
378 1038 453 1086 eheu!
467 1053 604 1094 tenerorum
615 1048 705 1099 oblitus
716 1055 849 1105 rimorum!

215 1108 267 1157 Hos
277 1108 358 1172 videt,
377 1115 421 1162 hos
431 1131 497 1166 vates
508 1119 576 1170 audit
587 1158 595 1183 ‚
606 1129 699 1188 amice,
712 1145 765 1180 tuus
777 1134 783 1181 i

188 1182 265 1251 Atque
273 1191 365 1239 utinam
381 1194 467 1254 vivat,
485 1194 587 1249 sednon
599 1208 716 1256 moriatur
730 1213 755 1259 in
766 1211 814 1262 iiiir
827 1214 833 1264 i

215 1264 285 1313 Absit
302 1267 332 1314 ab
342 1270 423 1318 invisis
439 1275 464 1321 &
476 1279 556 1326 tamen'
566 1281 651 1332 umbra
663 1285 736 1337 locis!

183 1336 300 1392 Carmina
311 1345 378 1410 quod
387 1347 461 1412 pleno
472 1352 551 1404 saltari
561 1358 641 1410 nostra
652 1361 757 1418 Theatra
769 1404 778 1430 ,

215 1417 328 1470 Versibus
339 1427 364 1473 &
374 1426 456 1490 plaudi
468 1431 567 1496 scribis,
579 1440 673 1502 amice,
690 1449 758 1494 meis.

183 1491 226 1543 Nil
237 1496 349 1562 equidem
358 1502 419 1560 feci,
431 1521 456 1556 tu
467 1510 511 1558 scis
522 1514 570 1579 hoc
579 1517 628 1580 ipse
638 1553 646 1578 ,
657 1523 771 1586 theatris;

215 1571 287 1624 Musa
296 1592 341 1626 nee
354 1581 380 1628 in
390 1581 485 1645 plausus
496 1588 624 1642 ambitiosa
634 1611 689 1646 mea
699 1601 739 1649 est.

182 1647 234 1699 Nec
245 1666 327 1704 rameri
333 1659 454 1724 ingratum
465 1664 498 1713 est
510 1701 518 1727 ,
529 1667 701 1740 quodcumque
710 1679 801 1734 oblivia
809 1687 881 1738 nostri

215 1728 336 1794 Impedit,
347 1739 372 1785 &
384 1739 482 1806 profugi
489 1759 580 1800 nomen
594 1752 620 1798 in
632 1769 673 1802 ora
682 1757 762 1808 refert.

182 1802 298 1864 Quamvis
307 1813 445 1879 interdum,
457 1837 511 1887 quae
521 1841 560 1872 me
571 1826 654 1880 laesiffe
667 1835 796 1902 recordor,
845 1905 848 1912 1

215 1883 332 1939 Carmina
339 1891 465 1959 devoveo,
478 1900 629 1971 Pi'e'ridasque
642 1927 721 1963 meas:

181 1958 247 2011 cnm
260 1965 320 2016 bene
330 1965 433 2034 devovi,
445 1992 540 2044 nequeo
551 1996 631 2034 tamen
642 1987 746 2047 essesine
757 1998 804 2050 illis
816 2022 822 2050 :

215 2039 406 2114 vulneribusque
417 2057 476 2103 meis
490 2058 538 2108 tela
547 2077 646 2115 cruenta
656 2070 750 2137 sequor.

183 2113 290 2184 Quaque
300 2123 376 2176 modd
387 2129 502 2183 Euboicis
512 2135 615 2194 lacerata
626 2163 638 2194 e
674 2147 784 2208 fluuibus
791 2177 798 2220 3
812 2163 882 2214 ander
919 2183 944 2226 ις

215 2194 288 2262 Graja
298 2199 449 2268 caphaream'
458 2227 551 2270 currere
559 2227 646 2288 puppis
656 2243 752 2298 aquam.
877 2281 887 2302 ,.

183 2269 234 2322 Nec
245 2289 326 2328 tamen
337 2297 363 2332 ut
373 2283 470 2350 lauder,
484 2295 576 2358 vigilo,
596 2317 725 2374 curamque
736 2313 810 2368 futuri

171 2361 173 2365 ·
216 2350 329 2409 Nominis
341 2394 349 2419 ,
362 2364 443 2416 utilius
453 2369 521 2434 quod
531 2374 653 2442 latuisset,
666 2402 721 2450 ago.

182 2427 288 2482 Detineo
302 2435 384 2489 studiis
397 2447 521 2510 animum,
540 2452 648 2523 falloque
658 2461 771 2521 doloresr

215 2509 331 2575 Experior
341 2523 404 2569 curie
415 2525 440 2571 δι
451 2523 508 2576 dare
518 2533 591 2581 rerba
602 2542 669 2588 meis.

182 2584 250 2646 Quid
266 2595 346 2654 potius
359 2596 447 2651 faciam
460 2601 557 2658 desertis
567 2613 632 2664 solus
647 2621 672 2666 in
688 2626 750 2686 orir3

919 1007 950 1042 20

919 1397 944 1440 25

919 1789 948 1834 33

625 2929 672 2979 hoc
683 2939 782 2990 nomine
792 2943 858 3012 digni
870 2973 875 3001 :

214 2974 344 3048 Ququue
358 2987 425 3054 lupi,
442 2994 507 3045 sm
518 2998 572 3063 plus
587 3001 687 3058 feritatis
700 3015 796 3069 habent.

179 3051 239 3106 Non
249 3075 361 3116 metuunt
370 3066 449 3136 leges,
460 3072 502 3127 sed
512 3075 577 3133 cedit
587 3083 677 3138 viribus
686 3079 797 3162 aequum,
847 3143 851 3150 .
