2334 3917
282 366 707 438 Fnsronuutrr.
734 366 789 437 H.
846 389 893 459 ,51

174 568 331 619 PROXIMA
347 568 388 617 lun
404 583 479 617 tecua
494 566 541 618 est.
535 582 575 615 et
587 570 656 617 tertia
666 564 729 617 diua
739 566 852 627 Quirino.
898 572 946 623 475
975 560 979 565 ’

207 650 258 710 Qui
273 662 338 697 tenet
350 648 397 695 iroc
414 660 519 700 nomen,
532 646 651 694 Romulus
668 660 722 694 aute
735 644 789 693 fuit.

175 730 230 778 Sive
242 724 310 792 quod
327 724 392 773 hasta
408 723 480 775 Curis
493 725 575 788 priscis
585 724 619 772 est
631 722 694 773 di&
704 724 809 772 Sabinis:

207 804 314 855 Bellicus
328 820 341 851 a
352 803 402 851 telo
412 806 513 853 venitin
524 803 583 850 astra
597 802 672 850 Deus.

176 886 231 935 Sive
242 886 311 932 suum
323 884 383 946 Regi
393 897 484 931 nomen
496 882 594 945 posuere
608 880 731 941 Quirites:

208 966 254 1013 Seu
266 964 323 1027 quia
339 962 453 1009 Romanis
470 964 577 1023 junxerat
588 959 630 1007 ille
645 957 730 1008 Cures.
896 954 946 1011 484

182 1040 250 1091 Nam
260 1055 327 1104 pater
338 1041 498 1101 armipotens,
510 1037 561 1101 post
569 1035 643 1102 quant
654 1052 717 1085 nova
728 1035 818 1087 moenia
828 1033 901 1095 iidir,

209 1117 339 1181 Multaque
351 1114 469 1165 Romulei
480 1114 542 1162 bella
553 1116 644 1177 perabla
653 1129 742 1171 manu,

176 1196 305 1263 iuppiter,
323 1195 420 1258 inquit,
439 1194 510 1241 habet
521 1192 631 1240 Romana
641 1193 750 1257 potentia
756 1192 818 1240 vites
828 1209 836 1240 e

210 1275 338 1337 Sanguinis
354 1268 437 1319 officio
448 1286 498 1318 non
513 1284 566 1334 eget
581 1270 624 1318 illa
636 1272 693 1317 mei.

176 1346 263 1402 Redde
281 1352 342 1413 patri
359 1364 459 1397 natum:
474 1351 582 1413 quamvis
599 1344 722 1397 intercidit
736 1346 816 1406 alter,
899 1344 945 1406 485

210 1430 259 1477 Pro
279 1428 320 1484 se,
337 1442 428 1491 proque
443 1427 520 1475 Remo
532 1460 541 1485 ,
552 1429 594 1491 qui
605 1428 665 1474 mihi
676 1425 763 1484 restat,
780 1429 834 1474 erit.

177 1505 249 1555 Unus
266 1507 331 1564 erit,
348 1517 421 1570 quern
432 1519 458 1553 tu
469 1503 542 1552 tolles
550 1507 576 1553 iu
592 1505 678 1553 caerula
691 1503 764 1553 coeiit

211 1584 253 1633 Tu
267 1584 329 1630 mihi
339 1580 416 1631 dixisti
429 1599 435 1628 ι
447 1584 495 1630 sint
509 1597 559 1629 rata
571 1580 632 1631 diua
643 1583 717 1631 Jovis.
782 1586 786 1593 '

179 1660 289 1726 iuppiter
298 1675 414 1711 annuerat
423 1677 429 1709 t
437 1674 497 1708 nutu
514 1660 664 1711 tremefastus
677 1675 777 1726 uterque

210 1739 253 1787 Est
270 1737 361 1802 polus,
382 1741 405 1786 ὃ(
422 1737 477 1787 eseli
488 1725 594 1802 pondera
605 1741 676 1787 sensit
692 1740 768 1787 Atlas.
900 1750 949 1794 490

181 1814 221 1869 fn
232 1817 301 1865 locus
314 1834 320 1863 e
332 1819 424 1881 antiqui
435 1816 554 1880 Capream
565 1814 645 1865 dixere
656 1814 778 1880 paludem.

212 1897 284 1945 Forte
304 1898 350 1943 tuis
363 1895 433 1955 illic,
451 1894 571 1954 Romule,
588 1899 639 1959 jura
651 1894 732 1942 dabas.

178 1973 220 2023 Sol
236 1972 317 2037 fugit,
330 1978 354 2022 bc
366 1989 491 2023 removent
502 1975 624 2021 subeuntia
636 1974 718 2022 nubila
729 1974 833 2035 coelum3

210 2051 244 2100 Et
262 2054 340 2115 gretie
355 2046 437 2099 effusis
456 2050 547 2101 decidit
563 2054 641 2100 imber
653 2055 730 2117 aquis

176 2127 245 2181 Hinc
261 2142 343 2186 tonat,
361 2131 417 2177 hinc
436 2133 513 2179 missis
523 2131 673 2193 abrumpitur
685 2133 777 2195 ignibus
789 2136 869 2183 aether.
898 2142 944 2189 495

209 2206 252 2255 Fit
269 2204 342 2269 fugae
353 2207 402 2255 Rex
413 2211 495 2271 patriis
511 2208 570 2257 astra
581 2210 678 2272 petebat
690 2213 765 2275 equis.
814 2222 818 2227 ’

174 2283 267 2334 Lucius
286 2296 353 2341 erat,
374 2282 486 2349 falseque
504 2287 600 2335 Patres'
594 2304 618 2334 rn
630 2287 729 2335 crimine
741 2287 830 2339 caedis:

210 2356 368 2425 Haesiiletque
379 2365 465 2419 animis
483 2364 582 2413 forsitan
593 2360 635 2413 illa
647 2364 715 2413 fides.

175 2436 224 2488 Sed
243 2438 357 2487 Proculus
373 2439 457 2505 Longi
468 2444 578 2491 veniebat
589 2442 665 2490 Julius
677 2437 755 2495 Albia
808 2499 810 2506 ,

208 2511 327 2576 Lunaque
337 2512 460 2576 fulgebat,
474 2532 516 2565 nec
528 2516 587 2567 facis
598 2518 650 2565 usus
659 2534 718 2567 erat.
902 2542 947 2587 5⁰0

174 2586 245 2637 Crlm
264 2588 344 2637 iubito
357 2604 426 2639 motu
437 2594 510 2641 nubes
521 2594 631 2658 crepuire
642 2596 748 2644 sinistre.

208 2666 316 2729 Rettulit
325 2668 367 2716 ille
382 2667 468 2732 gradus
480 2705 488 2729 ,
500 2674 690 2740 horrueruntque
702 2688 787 2725 comae.

174 2742 296 2803 Pulcher,
317 2748 342 2793 bt
359 2750 465 2797 humano
481 2754 559 2814 major
573 2784 581 2808 ,
594 2751 721 2817 trabeique
734 2750 850 2814 decorus,
920 2748 925 2758 ’

208 2820 331 2871 Romulus
344 2826 369 2872 in
385 2823 465 2875 medii
483 2828 544 2875 visus
556 2826 699 2889 adeffeviai,

174 2897 208 2948 Et
225 2896 311 2949 dixill'e
327 2900 415 2960 simu13
432 2903 534 2953 Prohibe
546 2904 626 2969 lugere
638 2908 762 2968 Quirites,

209 2976 265 3027 Nec
283 2977 377 3028 violent
391 2978 502 3043 lacrymis
517 2986 617 3031 numina
631 2984 709 3034 nollra
725 2987 779 3035 suis.

175 3054 246 3111 Tura
257 3054 349 3118 fetant,
365 3055 507 3125 placentque
518 3074 610 3137 novum
621 3064 661 3129 pia
674 3064 743 3111 turba
754 3064 894 3125 Quirinum:

726 3145 786 3213 cii

897 2940 941 2990 505
