2334 3917
298 436 368 501 244
439 409 483 478 P.
512 413 669 478 Ονιιιιι
690 411 885 482 NAsonra

327 534 444 598 Carpere,
457 536 482 582 δι
493 534 520 582 in
530 531 612 584 studiis
622 532 730 584 molliter
743 528 790 583 effe
802 535 876 584 meis:

292 613 323 662 Et
333 627 431 676 parvam
439 610 558 664 celebrare
568 609 671 662 domurn
683 644 691 672 ‚
708 626 846 678 veteresque
861 613 971 672 Penates3

245 720 275 755 ,ο
323 689 355 738 Et
364 705 418 755 quae
426 686 601 740 nuncdomino
611 705 665 740 tura
673 704 771 754 paterna
781 702 862 738 carent
872 707 879 736 a

289 767 364 834 Inque
374 770 427 816 sinu
437 765 556 822 domina,
568 771 674 832 carisque
685 768 827 832 nepotibus,
839 770 913 833 inque

322 848 421 896 Securus
427 845 506 910 patrii
513 843 660 896 consenuiiie
671 844 734 898 mei.

288 923 347 976 Hac
360 941 414 974 mea
425 927 458 973 sic
468 921 593 990 quondam
604 925 684 988 peragi
694 925 828 988 speraverat
838 940 908 977 aetas:

320 1002 372 1052 Hos
382 1018 427 1068 ego
435 1004 468 1051 ric
476 1017 551 1050 annos
559 1017 648 1065 ponere
658 1001 745 1067 dignus
757 1019 830 1054 etam.

242 1081 270 1134 ¹5
289 1080 347 1132 Non
355 1084 389 1130 ita
398 1079 444 1129 Dis
453 1081 548 1138 visum,
560 1082 602 1144 qui
614 1095 652 1128 me
665 1079 775 1146 tetrique
787 1082 894 1148 marique

320 1159 405 1209 Adiuro
415 1159 552 1207 Sarmaticis
563 1158 690 1221 exposuere
702 1157 771 1208 locis.

287 1237 316 1286 in
327 1253 384 1287 cava
395 1232 515 1285 ducuntur
525 1231 718 1303 quaffaenavalia
730 1251 819 1301 pupper
826 1271 835 1298 ‚

319 1316 358 1366 Ne
368 1313 456 1365 temeri
466 1316 492 1362 in
503 1310 589 1367 mediis
598 1309 757 1364 diffoluantur
769 1319 846 1382 aquis.

285 1394 324 1445 Ne
335 1391 423 1453 cadat,
443 1396 469 1441 ὃ(
480 1391 569 1443 multas
579 1389 671 1456 palmas
685 1393 819 1444 inhonestet
834 1394 946 1461 adeptae,

238 1477 270 1512 ²0
318 1469 456 1538 Languidus
466 1472 491 1519 in
501 1471 574 1534 pratis
585 1471 708 1532 gramina.
718 1473 794 1536 carpit
804 1489 887 1538 equus.

285 1550 376 1610 Miles,
388 1564 416 1598 ut
425 1550 531 1598 emeritis
542 1547 633 1596 nonest
644 1548 698 1598 satis
709 1549 774 1598 utilis
785 1555 870 1612 annis,

318 1631 391 1681 Ponit
401 1626 432 1688 ad
443 1629 554 1692 antiquos
564 1660 572 1685 ‚
583 1641 636 1691 quae
649 1625 704 1675 tulit
714 1643 795 1688 arura,
807 1629 886 1682 Later.

284 1712 324 1760 sic
334 1711 422 1775 igitur,
435 1704 504 1757 tardd
513 1708 574 1754 vires
584 1705 707 1754 minuente
718 1705 824 1767 fenerii,

317 1789 360 1838 Me
372 1803 467 1855 quoque
480 1782 586 1835 donari
579 1798 628 1848 jam
638 1781 712 1843 rude,
724 1798 817 1849 tempus
827 1802 886 1837 etat.

238 1891 265 1938 25
286 1867 392 1931 Tempus
402 1878 469 1924 erat,
480 1879 524 1912 nee
534 1877 573 1912 me
583 1861 734 1926 peregrinum
750 1859 835 1914 ducere
846 1863 953 1928 culum,

318 1944 401 1994 Nec
383 1958 472 1991 siccam
484 1941 570 1993 Getico
580 1937 648 1988 fonte
656 1938 761 1990 levare
744 1941 825 1990 strim-

284 2021 331 2074 Sed
340 2019 433 2074 modo,
444 2035 505 2085 quos
515 2017 604 2074 habui,
620 2031 724 2066 vacuum
734 2015 859 2067 secedere'
852 2033 878 2070 ιιι
890 2023 989 2075 hortott

317 2100 389 2151 Nunc
398 2099 526 2154 hominum
537 2096 589 2145 visu
599 2095 677 2143 rursus
688 2098 713 2144 δι
724 2089 789 2144 Urbe
801 2096 857 2146 frui

284 2182 322 2230 Sic
334 2214 342 2240 ‚
356 2179 438 2228 animo
450 2170 573 2240 quondam
583 2188 634 2220 non
645 2169 767 2224 divinante
779 2173 873 2237 futura,

237 2286 268 2333 3⁰
316 2258 437 2323 Optabam
445 2249 570 2319 placidi
547 2266 627 2299 vrvere
637 2247 702 2344 posse
715 2253 791 2300 senex.

284 2341 343 2390 Fata
349 2345 528 2401 repugnarunt
538 2344 608 2394 que,
619 2327 675 2378 crim
688 2331 748 2378 mihi
760 2346 868 2397 tempora
877 2337 959 2398 prima

316 2416 406 2468 Mollia
415 2412 577 2478 praebuerint,
589 2407 717 2472 posteriora
726 2424 833 2472 gravant.

284 2500 402 2562 Jamque,
419 2489 503 2540 decem
513 2487 590 2535 lustris
606 2489 674 2534 omni
685 2487 734 2534 sine
746 2485 798 2536 labe
805 2491 924 2552 perndie,

316 2577 385 2625 Parte
396 2583 492 2636 premor
501 2569 557 2617 virae
568 2562 685 2613 deteriore
697 2581 765 2614 mea.

235 2677 264 2727 35
283 2656 335 2707 Nec
346 2648 430 2719 procui
446 2646 562 2703 ameris,
579 2658 638 2708 quar
651 2657 717 2707 paene
731 2657 810 2694 tenere
820 2645 935 2706 videbar,

315 2727 444 2784 Curriculo
454 2725 531 2791 gravis
543 2720 576 2770 est
586 2720 646 2769 fana
658 2722 726 2770 ruina
736 2739 802 2772 meo.

283 2815 347 2877 Ergo
358 2808 428 2858 illum
439 2801 552 2854 demens
545 2815 570 2848 ιιι
578 2815 617 2847 me
628 2800 781 2865 saevireeo'e'gi
788 2834 797 2861 ,

315 2891 401 2940 Mitius
415 2881 544 2937 immensus
554 2894 603 2944 quo
615 2877 675 2925 nihil
685 2877 748 2926 orbis
760 2879 848 2929 habet?

282 2970 381 3034 Ipsaque
392 2961 483 3012 delinit
491 2959 554 3009 vieta
563 2955 597 3003 est
607 2955 734 3004 clementia
745 2957 844 3016 nostrir3

229 3061 265 3106 40
314 3044 365 3094 Nec
377 3055 457 3090 tamen
467 3035 541 3084 errori
550 3034 600 3083 vira
607 3047 693 3097 negata
703 3038 773 3084 tneo?

283 3125 340 3174 Vita
349 3116 434 3185 procul
445 3111 521 3180 patriai
530 3109 664 3176 peragenda
676 3112 718 3162 sub
727 3127 768 3161 axe
775 3111 853 3162 Borio
859 3145 871 3172 ,
