2334 3917
142 2568 171 2607 Ι
195 2587 197 2591 .

256 409 322 473 140
384 388 425 456 P.
454 390 611 457 Ournrr
636 390 832 460 Nasonis

201 511 234 556 40
285 508 372 559 Dicar?
386 512 410 557 ὃ(
420 526 433 557 a
444 506 512 558 nullo
522 512 622 559 nomina
632 513 712 559 mense
723 515 831 562 traham?

253 587 321 635 Tunc
331 601 369 634 me
380 589 495 649 poeniteat
505 584 606 650 posuisse
619 586 720 637 fideliter
730 592 777 638 itas

285 664 310 711 in
321 679 394 727 genus
405 662 501 712 Eleum
513 698 520 723 ‚
533 663 727 732 Dardaniamque
737 665 848 716 domurn.

252 739 332 791 Causa
345 738 433 805 duplex
447 744 504 791 irae:
518 758 588 806 rapto
600 740 740 806 Ganymede
751 742 882 804 dolebam,

286 820 374 868 Forma
384 836 481 886 quoque
490 854 498 879 ,
509 818 572 869 ideo
580 818 663 869 Judice
672 856 680 879 ,
688 824 749 871 uitia
759 838 813 871 mea
823 824 865 871 est.

204 894 233 943 45
255 897 390 953 Poeniteat,
403 895 468 963 quod
479 913 528 945 non
540 897 612 946 foveo
621 897 773 962 Carthaginis
781 916 862 957 arctes

288 974 353 1024 Ctim
365 992 417 1023 mea
424 978 471 1023 sint
481 972 524 1023 illo
535 990 616 1023 currus
626 979 651 1024 δε
661 991 729 1024 arma
739 976 804 1026 loco.

255 1054 373 1103 Poeniteat
387 1055 499 1115 Sparten,
512 1054 651 1118 Argosque,
663 1068 775 1118 measque
785 1054 917 1117 Mycenas,

288 1130 319 1179 Et
327 1144 431 1180 veterem
439 1130 509 1178 Latio
520 1127 665 1195 supposuiffe
677 1132 775 1179 Samon.

256 1204 323 1257 Adde
335 1209 414 1256 senem
423 1208 521 1257 Tatium
535 1208 754 1273 ‚Junonicolasque
764 1206 884 1268 Faliscos,

210 1290 220 1335 5
225 1288 240 1320 ⁰
289 1280 355 1341 Quos
367 1297 412 1345 ego
429 1282 543 1329 Romanis
560 1276 707 1329 succubuiss'e
721 1279 775 1329 tuli.

257 1355 302 1408 Sed
317 1374 393 1424 neque
404 1361 518 1422 poenitent
525 1376 530 1404 r
538 1374 581 1407 nec
588 1372 645 1421 gent
655 1360 717 1406 mihi
727 1360 803 1406 carior
813 1353 863 1404 uila
876 1354 918 1403 est.

290 1433 337 1485 Hic
353 1434 435 1494 colar,
448 1433 488 1483 hic
500 1450 592 1483 teneam
602 1450 659 1483 cum
669 1434 729 1484 Jove
738 1432 828 1497 templa
837 1450 903 1481 meo.

257 1512 308 1578 ipse
319 1514 378 1561 mihi
389 1512 503 1569 Mavors,
515 1510 672 1563 Commendo
682 1515 785 1571 moenia,
797 1509 876 1571 dixit,

291 1590 347 1637 Haec
360 1590 420 1638 tibi:
432 1605 455 1638 tu
468 1590 560 1653 pollens
570 1590 636 1639 Urbe
647 1594 740 1653 nepotis
754 1592 807 1637 eris.

212 1663 239 1709 55
260 1668 329 1717 Dina
342 1666 401 1717 fides
410 1669 529 1733 sequitur:
541 1682 638 1717 centum
649 1669 796 1716 celebramur
806 1669 832 1715 in
842 1666 904 1722 ariss

291 1746 342 1795 Nec
353 1746 429 1795 levior
436 1748 520 1811 quovis
527 1746 559 1796 est
566 1748 627 1795 mihi
634 1748 721 1794 mensis
728 1748 815 1795 honor.

259 1824 311 1875 Nec
323 1841 402 1873 tamen
413 1828 476 1873 hunc
484 1825 552 1873 nobis
562 1822 732 1873 tantummodo
742 1822 833 1889 praestat
843 1823 963 1872 honorem

293 1904 371 1950 Roma
380 1903 517 1951 :suburbani
526 1900 584 1951 dant
594 1904 655 1951 mihi
664 1916 752 1950 munus
761 1898 835 1948 idern.

259 1978 351 2043 inspice
360 2014 368 2038 ,
376 1995 436 2043 quos
447 1980 533 2029 habeat
543 1980 672 2028 nemoralis
680 1981 759 2027 Aricia
768 1978 862 2037 fastos,
908 1981 914 1990 ”

212 2060 243 2099 60
292 2056 323 2105 Et
333 2057 434 2121 populus
445 2057 564 2116 Laurens,
577 2058 757 2122 Lanuviumque
768 2071 864 2105 meum:

260 2134 300 2185 Est
309 2134 359 2183 illic
371 2138 456 2183 mensis
467 2134 590 2184 Iunonius.
603 2136 695 2199 Inspice
705 2136 798 2194 Tibur,

294 2212 325 2260 Et
336 2212 482 2261 Praenestinae
495 2216 584 2261 moenia
595 2215 660 2263 satra
668 2212 726 2262 Dete
736 2230 758 2270 ς.

261 2289 377 2338 Junonale
389 2288 451 2353 leges
465 2304 557 2353 tempus
568 2306 627 2338 tnec
634 2290 752 2339 Romulus
761 2288 815 2338 illas

295 2364 429 2415 Condidit:
438 2381 462 2416 at
472 2367 545 2415 nostri
557 2369 635 2416 Roma
643 2370 737 2432 nepotis
748 2381 805 2416 erat.

214 2448 242 2503 65
262 2445 365 2493 finierat
373 2444 435 2493 Juno
449 2462 455 2492 ι
468 2445 619 2508 respeximus.
631 2444 741 2499 Herculis
757 2458 816 2493 uxot
896 2466 900 2471 ⁷

296 2522 389 2577 Stabat,
407 2526 431 2570 δι
446 2524 471 2569 in
481 2521 550 2571 vultu
562 2524 629 2587 signa
637 2520 742 2573 dolentis
750 2538 826 2573 erant.

263 2598 321 2649 Non
331 2615 393 2663 ego,
413 2602 432 2647 si
447 2613 499 2649 toto
510 2614 587 2649 mater
594 2616 633 2649 me
641 2599 724 2649 cedere
734 2601 799 2651 coelo

295 2674 410 2735 Jufferit,
427 2677 503 2727 inviti
513 2692 607 2737 matre,
620 2679 749 2738 morabor,
767 2681 812 2730 ait.

263 2752 335 2803 Nunc
345 2770 441 2821 quoque
451 2770 499 2805 non
510 2753 586 2803 luuor
596 2752 626 2803 de
635 2759 735 2805 nomine
745 2757 862 2822 temporis
871 2758 958 2825 hujus,

215 2854 248 2898 70
275 2849 281 2857 ·
297 2830 426 2891 Blandior,
446 2836 470 2881 δι
486 2848 562 2897 partes
573 2849 640 2898 pane
656 2838 762 2899 rogantis
779 2851 836 2901 ago.

265 2910 372 2975 Rernque
383 2914 430 2961 mei
441 2913 498 2976 iuris
506 2912 591 2961 malim
602 2908 701 2961 tenuiffe
708 2912 848 2977 precandus
878 2951 881 2955 ι
943 2966 946 2972 ,

298 2986 328 3035 Et
340 2987 416 3035 faveas
426 2990 499 3037 causae
509 2988 609 3038 forsitan
616 2991 665 3053 ipse
672 3006 742 3038 meae.

265 3064 342 3117 Aurea
348 3062 451 3133 poffedit
460 3067 526 3133 socio
537 3065 660 3135 Capitolia
674 3066 766 3135 templo
842 3086 846 3093 ·
