2334 3917
265 408 405 477 Earsr.
422 424 479 475 nx
493 376 646 478 Pouro
661 409 699 478 l.
715 408 785 477 III.
834 431 895 498 341

220 520 290 576 ledia
304 530 359 577 satis
376 528 484 591 multae,
504 544 579 594 pauca
599 526 668 578 fuiffe
685 546 781 596 queror.
920 555 949 588 ιο

185 600 258 652 Plura
276 603 317 655 sed
333 608 382 655 haec
401 606 448 656 feci
465 605 593 672 relegendo
610 608 687 671 saepe3
704 624 748 657 nec
766 625 871 675 unquam

221 680 279 730 Non
298 686 376 742 mihi,
391 684 466 749 quim
481 683 575 750 primi),
598 700 665 749 grata
682 685 747 749 fuere
759 690 843 751 magis.

185 752 300 823 Cdrnque
317 762 377 809 nihil
396 764 466 810 toties
480 762 538 811 lecta
549 779 562 811 e
572 760 698 811 dulcedine
709 762 822 827 perdant,
868 785 872 795 ·

218 834 315 885 Viribus
332 838 374 886 illa
394 840 457 896 suls,
474 854 523 887 non
538 842 666 899 novitate,
681 840 787 904 placent.

184 909 293 962 felices!
311 916 396 981 quibus
414 916 463 965 haec
479 916 531 980 ipso
546 918 688 981 cognoscere
706 920 732 965 in
749 919 818 973 aliu,
919 942 945 991 ¹5

219 988 250 1037 Et
271 1004 321 1041 tarn
339 989 443 1040 facundo
461 996 563 1057 contigit
581 1009 622 1041 ore
642 993 698 1042 frui.

183 1048 248 1103 Nam
264 1072 410 1122 quamquam
426 1058 496 1121 sapor
511 1058 543 1105 est
560 1056 633 1107 allati
649 1058 726 1107 dulcis
743 1062 769 1109 in
784 1058 866 1121 unda,

217 1131 313 1181 Gratiis
330 1150 357 1181 ex
373 1135 425 1198 ipso
442 1133 510 1183 fonte
524 1136 638 1185 bibuntur
650 1152 726 1202 aquae.

182 1204 215 1255 Et
232 1212 306 1273 magis
327 1208 429 1259 addudo
445 1228 546 1277 pomum
563 1210 688 1280 decerpere
698 1217 789 1286 remo,

217 1282 298 1343 Quelm
313 1285 342 1335 de
358 1288 439 1337 caelata
450 1289 541 1338 sumere
556 1289 642 1351 lance,
660 1296 736 1357 juvat.
916 1314 946 1348 ιο

183 1359 216 1411 At
231 1364 276 1409 nisi
293 1362 443 1428 peccaffim,
464 1370 508 1415 nisi
528 1385 567 1415 me
587 1386 641 1419 mea
658 1371 729 1421 Musa
743 1369 864 1439 fugass'et,

216 1438 288 1499 Quod
306 1442 372 1507 legi,
392 1458 431 1493 tua
448 1462 496 1494 vox
514 1444 655 1497 exhibuiss'et
673 1465 741 1514 opus·

182 1514 264 1582 thue
281 1518 316 1567 fui
331 1520 434 1581 solitus,
448 1520 557 1572 sediffem
573 1523 673 1574 forsitan
689 1542 749 1575 unus

213 1594 250 1643 De
267 1610 363 1647 centum
379 1596 450 1663 judex
471 1604 496 1649 in
518 1616 559 1649 tua
579 1603 650 1651 verba
667 1606 734 1651 viris.

182 1668 263 1737 Major
275 1678 298 1722 δι
310 1674 428 1739 ἰιηρίἓίῖεῑ
442 1676 573 1742 precordia
589 1680 667 1730 nostra
682 1681 810 1747 voluptas,
914 1694 943 1741 ²5

214 1748 281 1799 Cum
294 1755 398 1802 traherer
416 1752 483 1804 diuis
498 1770 674 1823 annueremqne
692 1763 747 1809 tuis.

183 1823 262 1884 Quem
283 1833 398 1894 quoniam
421 1831 517 1892 fatum,
534 1835 603 1883 vobis
620 1835 743 1902 patriique
758 1836 860 1899 relicus,

214 1904 280 1954 lnter
299 1910 443 1957 inhumanos
458 1909 545 1961 maluit
561 1908 607 1960 else
623 1913 696 1961 Getas
713 1931 720 1961 ε

182 1978 255 2041 Quod
276 1982 353 2044 licet,
373 1999 400 2034 ut
420 1986 500 2045 videar
517 2003 597 2038 tecum
618 1994 693 2057 magis
711 1990 774 2053 else,
795 1993 894 2060 legenda

214 2061 294 2125 Saepe,
312 2079 411 2127 precor,
428 2064 497 2114 studii
513 2070 614 2132 pignora
631 2074 701 2119 mitte
719 2074 754 2121 tui
773 2090 780 2121 ι
914 2094 944 2140 30

180 2132 346 2205 Exemploque
363 2158 439 2203 meo,
460 2146 506 2193 nisi
523 2143 658 2211 dedignaris
674 2146 700 2197 id
713 2152 811 2215 ipsum,

213 2213 308 2274 Utere3
331 2218 397 2284 quod
416 2222 486 2269 nobis
503 2226 586 2273 reulus
605 2227 654 2289 ipse
672 2224 746 2275 dares.

180 2288 291 2355 Namque
303 2308 361 2355 ego,
370 2299 411 2360 qui
422 2301 480 2361 perii
491 2302 539 2363 jam
551 2299 644 2364 pridem
655 2336 663 2361 ‚
675 2303 795 2358 Maxime,
805 2306 891 2366 vobis,

215 2366 315 2432 Ingenio
330 2373 394 2418 nitor
414 2389 463 2421 non
481 2374 573 2439 periiffe
591 2394 656 2427 meo.

180 2441 263 2493 Redde
280 2447 376 2504 ricem5
398 2464 442 2497 nec
462 2466 514 2499 rara
535 2456 570 2501 tui
589 2470 747 2506 monumenta
766 2458 870 2519 laboris,
912 2474 938 2517 35

213 2522 338 2585 Accipient
355 2524 458 2585 nostrae,
473 2543 539 2591 grata
557 2530 651 2591 futura,
669 2550 762 2585 manue.

179 2593 227 2645 Dic
244 2610 342 2653 tamen,
356 2605 387 2653 o!
404 2605 497 2666 juvenis
512 2604 643 2657 studiorum
658 2610 728 2673 plene
746 2630 874 2676 meorun15

213 2673 307 2741 Ecquid
323 2678 352 2725 ab
368 2679 405 2727 his
421 2682 477 2745 ipsis
496 2680 639 2733 admoneare
660 2690 723 2737 meil

177 2748 287 2818 Ecquid,
299 2754 340 2802 ubi
350 2770 391 2805 aut
401 2761 484 2807 recitas
496 2759 583 2811 fastum
599 2761 675 2813 morlo
686 2773 781 2817 carmen
791 2774 889 2831 amicis,

209 2830 278 2889 Aut,
299 2830 365 2897 quod
385 2834 444 2899 sape
455 2835 536 2897 soler,
553 2842 625 2905 exigis
636 2856 663 2891 ut
672 2846 791 2897 recitent?
904 2868 939 2913 40
987 2883 990 2889 -

177 2906 300 2958 interdum
316 2915 423 2976 queritur
441 2928 578 2976 tumens,
594 2918 672 2969 oblita
686 2919 745 2987 quid
761 2924 841 2977 absit?

209 2984 297 3035 Nescio
314 2987 373 3053 quid
388 2989 450 3040 certd
467 2994 538 3043 sentit
553 2994 631 3046 abelse
646 2999 692 3048 sui.

177 3056 257 3127 thue
274 3062 343 3131 loqui
361 3064 392 3119 de
409 3085 449 3122 me
465 3070 570 3127 mutum
587 3076 701 3141 prasente
716 3076 822 3142 solebas,

151 3154 154 3160 ·
712 3156 731 3211 Ρ
750 3160 777 3229 iij
