2334 3917
278 150 285 152 .
318 148 402 179 '’7'‘
718 150 757 230 .

217 374 220 379 ’
279 402 569 471 FArnoruru
593 400 772 471 Lian.
827 424 893 488 109

211 522 341 579 Demserat
351 526 455 575 emeritis
466 526 515 589 jam
525 526 580 588 juga
591 521 694 571 Phoebus
703 523 780 589 equis.

177 601 202 651 It
221 607 283 652 mibi
301 602 379 655 multa
389 600 505 669 quidem,
516 600 557 653 sed
567 604 593 650 δι
605 603 656 649 hee
664 633 672 659 ,
680 615 774 651 umate
784 599 894 659 solebat,

214 680 286 731 Unde
297 697 377 732 meum
388 681 487 746 praesens
501 680 652 729 instrueretur
664 696 733 744 opus.
896 673 944 723 ⁶9⁰

179 758 254 818 Hoc,
267 761 319 817 ait,
333 761 360 809 in
371 775 457 823 campo
469 790 477 817 ‚
494 772 654 823 campumque
664 754 782 817 ostendit,
793 756 895 805 habebat
911 742 916 749 ¹

214 838 262 885 Rue
274 838 345 886 breve
356 853 411 885 cum
421 834 482 887 duro
493 852 563 900 parca
572 834 660 885 colona
666 834 728 883 uiro.

180 913 226 965 ille
247 916 315 965 suam
330 915 458 980 peragebat
465 916 592 970 bunnump
606 916 656 961 sive
671 911 725 961 usus
741 913 830 966 naui,

216 994 270 1042 Sive
289 1008 354 1044 cave
365 992 452 1052 falcis,
472 995 521 1055 sive
532 993 635 1042 bibentis
649 1004 708 1040 erat.

181 1069 240 1119 Haec
250 1067 328 1121 modi
342 1072 451 1121 verrebat
459 1070 559 1121 stantem
568 1071 665 1119 tibicine
674 1066 780 1128 villania
896 1069 940 1126 ⁶⁹5

211 1149 282 1198 Nune
296 1152 379 1199 matris
390 1149 480 1213 plumis
490 1164 536 1199 ova
551 1144 656 1199 fouenda
664 1143 746 1195 dabat.

180 1229 231 1279 Aut
239 1224 328 1277 virides
340 1227 449 1287 malvas,
464 1240 506 1279 aut
521 1226 607 1291 fungos
617 1223 712 1287 colligit
723 1222 789 1272 albos
799 1238 809 1283 3

216 1309 266 1355 Aut
284 1304 401 1355 humilem
412 1320 480 1369 grato
492 1304 589 1355 calfacit
598 1306 653 1367 igne
664 1302 755 1351 focum.

180 1384 214 1435 Et
228 1399 309 1434 tamen
327 1381 424 1433 assiduis
434 1397 525 1433 exercet
532 1384 628 1433 brachia
635 1379 688 1431 telis
698 1413 708 1440 ,

82 1514 83 1535 Χ
214 1460 397 1528 Adversumque
407 1465 483 1511 minas
494 1461 589 1526 frigoris
602 1475 668 1509 arma
677 1471 753 1523 parat.
895 1465 944 1510 70⁰

180 1540 259 1591 Filius
271 1542 340 1604 hujus
352 1556 401 1590 erat
411 1543 489 1605 primo
500 1539 599 1590 lascivus
608 1541 707 1593 inarum

217 1615 397 1683 Addideratque
412 1634 486 1667 anuos
504 1615 535 1667 ad
548 1614 598 1681 duo
608 1615 679 1665 lustra
688 1602 758 1663 duos.

181 1696 282 1768 Iecapit
299 1699 398 1747 extremi
406 1696 504 1761 vulpem
513 1697 555 1745 sub
564 1694 626 1745 valle
635 1694 725 1751 salisti3

217 1775 352 1825 Abstulerat
370 1774 456 1825 multat
468 1774 511 1823 illa
522 1775 628 1823 cohortis
637 1788 700 1821 aves.

182 1852 315 1919 Captivam
323 1852 408 1917 stipull
419 1852 534 1917 fceuoque
545 1849 665 1908 involvit,
678 1852 703 1897 ἃ
714 1848 780 1912 ignes
895 1847 942 1893 705

217 1930 340 1983 Admovet
353 1951 359 1979 ε
370 1947 464 1981 urentes
474 1928 710 1994 effugitillamanus.

110 2046 114 2057 .
183 2010 240 2071 Qui
253 2010 332 2076 fugit,
348 2009 456 2061 incendit
466 2009 562 2059 vestitos
572 2009 687 2059 messibus
697 2019 766 2071 agros
778 2020 787 2064 ς

216 2090 346 2139 Damnosis
355 2092 416 2139 vires
424 2089 518 2153 ignibus
531 2103 588 2136 aura
598 2084 679 2136 dabat.

183 2168 283 2217 Fadium
290 2168 359 2228 abiit,
366 2178 693 2217 mouumeneamanentruaru
699 2165 779 2213 vivere
785 2172 880 2225 captam

216 2247 289 2296 Nunc
300 2263 396 2313 quoque
404 2245 441 2295 let
448 2242 777 2310 vulpemCarseolaoavetat·
895 2258 945 2307 7¹0

182 2323 268 2390 thue
278 2324 417 2390 luatpcenas
424 2340 481 2389 gens
489 2325 539 2373 haec
549 2354 557 2381 ‚
569 2321 708 2373 Cerealibus
715 2316 799 2371 ardet,

220 2401 325 2466 Quoque
335 2397 410 2451 modo
419 2401 509 2463 segetes
519 2395 640 2463 perdidit,
651 2397 702 2461 ipsa
711 2394 782 2459 perit.

183 2478 331 2532 PosTERA
339 2495 395 2545 cum
404 2480 483 2529 veniet
493 2492 565 2529 tetras
576 2478 654 2527 visura
661 2487 768 2540 patentes

215 2560 355 2608 Memnonis
364 2560 390 2607 in
400 2558 472 2607 roseis
481 2555 546 2606 lutea
555 2568 633 2606 mater
641 2555 707 2619 equis
718 2567 727 2611 ς

184 2636 206 2686 E
217 2635 278 2685 duce
291 2636 390 2701 lanigeri
400 2637 505 2699 pecoris,
518 2635 559 2699 qui
570 2629 679 2699 prodidit
691 2627 799 2682 Hellen,
899 2624 944 2670 7¹5

218 2715 260 2764 Sol
271 2715 322 2763 abit
333 2731 339 2762 ε
351 2709 441 2779 egrello
448 2712 544 2763 viiiima
554 2714 633 2775 maior
641 2706 714 2759 adest.

183 2790 265 2840 Vacca
279 2790 310 2837 sit
319 2803 349 2837 su
360 2802 439 2837 taurus
450 2818 458 2844 ,
470 2801 520 2837 non
530 2784 562 2834 est
569 2781 712 2853 cognoscere
720 2790 859 2845 proruptum
870 2793 878 2834 3

216 2868 272 2917 Pars
280 2868 346 2931 prior
358 2879 467 2929 apparet:
477 2863 605 2928 posteriora
615 2860 698 2909 latent.

185 2947 231 2995 Seu
246 2958 329 2992 tamen
346 2942 378 2991 est
392 2956 488 3001 taurus,
499 2943 548 2991 sive
559 2938 592 2988 est
598 2941 644 2989 hoc
653 2938 743 2987 femina
753 2937 863 3001 siguum,

216 3020 310 3067 lunone
320 3016 396 3069 iuviti
408 3051 417 3077 ‚
433 3032 519 3065 munus
531 3017 619 3063 amoris
628 3014 711 3063 habet.
897 3031 946 3077 720

182 3095 344 3159 Noxauiit,
356 3098 479 3163 oriturque
488 3094 589 3146 Aurora.
597 3090 680 3142 Palilia
690 3090 784 3173 postor.
