2334 3917
210 277 217 398 j
293 306 565 394 Tursrivrr
600 324 705 392 Lrn.
743 315 786 392 V.
834 347 905 416 259

195 441 906 536 um-ssssfflzss&

376 611 402 671 E
422 611 448 670 L
468 611 495 670 E
516 608 545 670 G
565 609 580 668 l
601 609 629 672 A
669 609 711 670 V.

184 700 349 824 Annuus
361 770 479 822 assuetum
490 770 604 821 Domine
615 769 700 820 natalis
711 770 830 820 honorem

218 849 314 914 Exigit:
327 854 375 904 ite,
388 865 487 908 manus,
499 847 530 898 ad
541 852 580 913 pie
591 851 656 904 sacra
668 883 676 907 ,
689 861 758 895 mese.

180 927 219 976 Sit
230 925 355 993 quondam
365 927 451 978 festum
462 929 568 977 La'e’rtius
580 930 655 992 egerit
669 929 739 975 heron

215 1005 304 1055 forsan
316 1007 342 1054 in
352 1021 462 1055 extremo
473 1007 582 1072 conjugis
593 1005 651 1062 orbe
661 1001 738 1052 diem.

179 1082 275 1150 Lingua
286 1082 368 1134 favens
378 1082 454 1142 adiit,
467 1081 597 1148 longorum
608 1080 686 1131 oblita
696 1077 831 1130 malorum:
919 1093 930 1140 ς

214 1161 290 1222 Quae,
306 1176 381 1227 puto,
397 1159 515 1210 dedidicit
525 1164 574 1226 jam
587 1161 650 1210 bona
660 1159 732 1208 verba
743 1157 822 1224 loqui.

177 1239 285 1305 Quaque
295 1239 369 1306 sernel
380 1255 433 1290 toto
442 1239 511 1289 vestie
520 1241 582 1288 mihi
594 1240 696 1286 sumitur
707 1251 791 1290 anno.

211 1321 325 1368 Sumatur
341 1318 395 1369 fatie
406 1317 513 1368 discolor
522 1318 577 1368 alba
587 1319 657 1366 meir.

177 1396 274 1462 Araque
285 1399 408 1461 gramineo
417 1395 501 1446 viridis
511 1394 541 1446 de
548 1397 643 1461 cespite
654 1393 714 1456 fiat,

210 1473 242 1525 Et
253 1473 316 1525 velet
328 1473 680 1540 tepidosnexatoronafocoe.
915 1481 947 1516 1⁰

176 1549 216 1599 Da
223 1553 284 1601 mihi
296 1568 348 1602 tura
363 1570 437 1619 puer,
448 1556 549 1619 pingues
562 1552 675 1604 facientia
686 1551 811 1612 flammae,

209 1628 331 1696 Quodque
339 1633 379 1697 pio
391 1631 470 1681 fusum
478 1629 596 1682 stridatin
607 1633 662 1696 igne
674 1647 776 1680 merum.

176 1706 275 1780 Optime
285 1709 389 1771 natalie,
399 1708 509 1777 quamvis
520 1709 605 1775 procul
616 1711 744 1770 absumus,
761 1723 822 1774 opto

207 1786 333 1838 Candidus
343 1791 390 1838 hut
400 1793 499 1845 venias,
511 1787 682 1854 dissimilisque
695 1801 761 1836 mro.

174 1865 246 1930 Sique
256 1865 323 1931 quod
333 1868 434 1918 instabat
444 1868 549 1918 dominc
560 1866 694 1916 miserabile
705 1865 806 1925 vulnus,
913 1867 939 1912 15

207 1945 243 1992 Sit
252 1945 375 2009 perfundit
384 1949 444 1996 meis
455 1963 549 2012 tempus
560 1949 585 1995 in
597 1963 670 1996 omne
681 1945 760 1994 malis.

173 2022 281 2087 Quaeque
292 2028 357 2087 gravi
366 2041 441 2090 nuper
454 2025 507 2090 plue
518 2024 593 2092 quim
604 2021 710 2092 quassata
720 2022 827 2090 procelli
839 2021 871 2072 est
881 2058 891 2083 ,

135 2110 140 2114 ’
208 2098 282 2161 Quod
302 2103 420 2166 superest,
435 2118 513 2153 tutum
528 2122 570 2170 per
584 2121 650 2156 tuate
664 2107 731 2154 navis
746 2118 792 2152 eat.

174 2178 220 2230 Illa
234 2176 327 2240 domo,
344 2180 448 2248 natique
461 2182 513 2238 sui,
527 2181 651 2249 patriique
667 2181 774 2232 fruatur:

204 2258 439 2322 Ereptabaecunisit
451 2258 563 2309 satiseise
575 2263 645 2310 mihi.
908 2259 939 2294 ²⁰

171 2335 326 2396 Quatenus&
334 2353 384 2385 non
395 2339 426 2386 est
437 2341 530 2388 incarn
541 2341 643 2403 conjuge
653 2338 728 2394 felix,

205 2415 260 2463 Pars
270 2418 326 2465 vitre
337 2415 396 2464 tristi
408 2433 485 2465 cetera
493 2419 556 2465 nube
563 2431 641 2466 vacet.

170 2492 260 2552 Vivat,
271 2508 382 2559 ametque
390 2498 480 2554 virum,
492 2499 608 2560 quoniam
619 2499 652 2544 sic
659 2498 763 2561 cogitur,
774 2495 867 2546 absens:

133 2596 136 2600 ·
202 2570 410 2637 Consummetque
422 2591 512 2633 annos,
528 2573 568 2622 sed
579 2572 706 2632 diuturna,
720 2576 784 2624 suos.

168 2647 340 2713 Adjiterem&
353 2651 516 2700 nostrosesed
527 2670 557 2701 ne
568 2657 680 2718 contagia
688 2655 732 2702 fati
793 2711 797 2719 ⁸
905 2649 931 2697 ²5

161 2754 166 2762 ·
200 2726 380 2792 Corrumpunt,
392 2733 482 2789 timeo,
492 2735 609 2796 quosagit
618 2733 684 2796 ipsa,
696 2735 754 2781 mei·

103 2821 107 2829 ’
165 2806 208 2856 Nil
219 2808 314 2854 homini
322 2822 414 2855 certum
423 2809 469 2856 este
480 2807 529 2857 fieri
540 2813 594 2874 quis
603 2807 784 2875 poffepurarer,

199 2884 235 2934 Ut
247 2885 349 2934 facerem
361 2889 385 2934 in
397 2885 482 2935 mediis
489 2889 538 2936 haet
548 2904 594 2952 ego
605 2890 667 2936 sacra
679 2889 763 2938 Getiti

84 3008 85 3011 ,
165 2963 267 3028 Aspice,
279 2977 307 3012 ut
317 2980 373 3012 aura
382 2979 461 3013 temen
471 2965 570 3014 fumose
582 2981 634 3016 ture
646 2982 742 3016 coortos

196 3041 226 3095 ln
234 3056 313 3110 partes
324 3042 413 3107 italie,
424 3048 450 3096 δι
463 3044 518 3096 loca
527 3042 626 3108 dextra,
638 3045 707 3096 feret.
