2334 3917
262 359 567 431 Futuoturt
595 356 699 429 ltu.
724 354 756 429 I.
830 377 871 451 ²5

188 480 269 535 Hostia
284 482 432 544 coelitibus,
445 498 495 549 quo
506 480 622 543 feriente,
634 480 710 532 cadit.
870 484 927 534 ,32⁰

159 562 202 623 Qui
212 562 292 613 taitdo
303 564 393 613 sttistos
406 565 520 611 tinsturus
530 564 643 627 sanguine
654 561 764 620 cultros,

189 644 301 708 Semper,
312 643 414 707 Agone?
431 654 501 705 rogat
512 674 520 699 ,
533 653 577 690 nec
589 641 635 687 uiti
645 634 718 703 iuisut
729 641 788 703 agis.

159 720 227 781 latr,
238 723 296 786 quia
306 732 357 769 non
367 721 466 770 veniant
474 714 595 783 pecudes,
607 714 649 764 sed
659 720 774 780 agantur,
784 715 815 764 ab
823 716 875 765 ιᾶιι

189 798 286 849 Nomen
296 797 433 862 Agonalem
447 792 525 846 credit
536 796 622 845 habere
633 792 709 843 diem.

102 934 104 937 ,
161 874 292 941 imputat
310 876 357 925 hoc
368 874 454 923 festum
463 876 545 939 priscis
560 871 662 938 Agnalia
671 868 780 929 diuum
881 873 922 924 3²5

190 952 243 1002 Um
254 956 285 1002 sit
295 968 322 1001 ut
333 956 432 1017 proptio
441 950 510 1001 litera
518 950 600 1001 demta
611 951 677 1001 loco.

162 1032 195 1081 Au
206 1066 215 1092 ,
232 1035 289 1097 quia
299 1032 411 1095 praevisos
422 1032 447 1079 itr
459 1046 520 1095 aqua
532 1032 601 1078 timet
611 1028 688 1079 hostia
696 1028 789 1079 cultros
798 1058 810 1094 ,

191 1110 211 1157 A
224 1111 317 1174 pecoris
332 1107 373 1156 lux
384 1108 416 1156 est
426 1106 470 1156 ista
481 1122 566 1157 noteta
577 1109 663 1157 metu?
730 1168 733 1174 1

159 1184 213 1234 Part
222 1188 313 1244 etiam,
323 1182 376 1233 fieti
387 1184 464 1234 solitis
476 1184 546 1234 :tate
555 1188 680 1249 priorum,

167 1276 172 1281 ’
190 1262 298 1311 Nomina
309 1260 338 1311 de
348 1260 412 1312 ludis
422 1263 495 1329 Graja
507 1260 587 1312 ruliffe
596 1261 671 1313 diem.
880 1268 926 1319 330

159 1340 189 1391 Et
205 1356 276 1406 pecus
284 1344 396 1405 antiquus
407 1338 504 1391 dicebat
516 1340 610 1407 Agonia
621 1342 716 1400 setm03

188 1419 300 1485 Vetaque
309 1416 401 1485 juditio
413 1418 445 1468 est
454 1418 540 1469 ultima
551 1420 620 1468 causa
631 1436 696 1469 tneo.

160 1497 239 1564 thue
248 1514 277 1546 ea
286 1512 350 1545 nunc
361 1511 425 1546 terta
436 1496 484 1551 est,
494 1500 530 1547 itt
538 1498 589 1546 Rex
599 1495 692 1562 placare
704 1498 827 1549 factorum

191 1575 299 1625 Numina
308 1572 417 1639 lanigera
429 1576 531 1640 conjuge
543 1572 615 1624 debet
625 1578 686 1626 orit.

159 1650 277 1712 Vistima,
296 1668 350 1717 que
360 1649 443 1702 dextri
454 1651 542 1703 cecidit
553 1654 666 1714 victrice,
677 1669 778 1704 vocatur
790 1674 798 1705 ε
881 1660 924 1705 ³35

191 1731 306 1781 Hostibus
316 1746 329 1777 a
339 1733 412 1779 motis
423 1730 499 1779 hostia
506 1746 597 1780 nomen
607 1732 689 1781 habet.
766 1723 769 1727 ’

160 1808 240 1869 Ante,
257 1804 325 1857 Deos
335 1810 429 1857 homini
441 1806 510 1874 quod
520 1808 651 1857 conciliare
663 1808 769 1870 valeret,

164 1908 171 1913 ·
191 1889 236 1937 Far
246 1902 313 1945 etat,
328 1888 415 1950 &puri
427 1884 509 1936 lucida
518 1888 583 1937 mita
595 1885 659 1935 salit.

159 1964 277 2017 Nondum
287 1963 416 2031 pertulerat
425 1964 566 2028 lacrymatus
575 1968 665 2015 cortice
673 1966 780 2028 myrthae

192 2046 250 2095 Λᾶα
261 2057 303 2111 pet
310 2060 430 2109 equoreas
441 2046 536 2109 hospite
546 2046 614 2093 navis
625 2058 707 2109 aquas.

159 2123 225 2175 Tuta
235 2138 280 2173 nec
292 2122 440 2187 Euphrates,
452 2138 496 2171 nec
509 2123 606 2171 miserat
615 2119 683 2171 India
693 2122 784 2171 costum
796 2156 806 2184 ,

191 2201 245 2251 Nec
260 2200 355 2250 fuerant
367 2200 432 2249 rubri
443 2203 540 2265 cognita
551 2198 593 2251 fila
603 2203 677 2249 croci.

159 2280 207 2330 Ata
220 2278 295 2329 dabat
306 2278 385 2328 fumos
396 2313 404 2338 ,
421 2279 499 2327 herbis
511 2292 625 2327 contenta
636 2278 747 2341 Sabinis,

191 2357 224 2407 Et
234 2372 284 2407 non
297 2360 383 2423 exiguo
395 2356 474 2405 lautus
485 2353 565 2406 adusta
572 2358 642 2406 sono.

159 2436 183 2485 st
196 2438 250 2501 quis
262 2448 312 2483 erat
324 2468 333 2495 ‚
346 2434 412 2483 fastis
422 2437 484 2499 prati
496 2432 526 2483 de
538 2433 598 2483 flore
610 2431 721 2492 totonis,
883 2440 925 2485 345

189 2514 242 2575 Qui
254 2510 332 2578 posset
342 2510 418 2563 violat
429 2510 530 2574 addere,
547 2510 614 2563 diver
624 2525 684 2563 erat.

157 2588 205 2643 iiic
217 2627 226 2653 ‚
242 2594 287 2658 qui
297 2604 360 2639 nunc
368 2592 444 2655 aperit
455 2594 557 2655 percussi
567 2592 658 2640 vistera
668 2592 729 2639 tauri
728 2625 747 2655 „

190 2670 220 2719 In
235 2672 308 2719 sacris
324 2667 420 2717 nullum
432 2668 508 2719 culter
518 2670 621 2717 habebat
632 2683 702 2733 opus.

159 2744 240 2797 Prima
253 2745 329 2795 Ceres
340 2744 415 2795 avidae
427 2746 506 2811 gavisa
517 2746 549 2795 est
558 2748 673 2811 sauguine
683 2762 780 2812 pottae,

190 2824 253 2875 Uita
265 2825 317 2873 suas
328 2824 414 2873 meriti
425 2822 489 2873 tede
500 2828 608 2873 nocentis
619 2839 686 2889 oper.

160 2898 225 2950 Nam
238 2902 305 2956 sato,
318 2917 373 2950 vere
387 2917 452 2951 novo
464 2902 549 2950 teneris
560 2901 670 2951 laiietttia
678 2901 767 2966 sulcis,

189 2979 269 3027 Etute
285 2981 392 3045 setigerae
405 2982 523 3045 comperit
538 2996 579 3029 ote
596 2980 652 3030 stris.

161 3058 204 3107 Sus
216 3056 318 3107 dederat
334 3074 424 3123 purnes.
439 3056 558 3125 Exemplo
573 3062 668 3109 tettitut
684 3061 754 3128 hujut

134 3176 141 3193 .
200 3137 273 3193 Tum.
289 3132 342 3195 111.
558 3132 559 3136 ¹
752 3142 772 3193 B
