2334 3917
258 433 327 497 324
404 408 835 481 P.0Vro11NAson1s

290 534 450 591 Scire-tannen
460 535 534 597 possis
544 548 589 581 nos
601 528 734 581 meminisse
749 534 795 579 tui.

228 618 239 663 5
258 610 370 661 Nominis
379 626 434 659 ante
445 614 494 659 mei
505 613 603 659 veniant
612 610 703 659 oblivia
714 610 784 659 nobis
794 642 804 668 ‚

291 690 386 738 PeGore
394 688 469 754 quim
480 692 553 754 pietas
565 691 595 739 sit
607 704 647 737 tua
657 687 725 752 pulsa
736 703 802 735 meo.

257 766 288 817 Et
303 766 367 832 prius
382 769 443 817 hanc
454 770 559 817 animam
569 782 654 815 vacuas
665 762 791 814 reddemus
802 764 828 811 in
840 776 924 819 auras,

253 842 260 855 ¹
291 845 373 907 Quirn
383 843 425 894 fiat
435 847 515 893 meriti
523 847 598 909 gratia
609 858 669 892 vana
684 844 729 891 tui.

258 920 355 973 Grande
365 940 428 973 voco
437 922 552 985 lacrymas
565 924 677 971 metitum
685 954 693 978 ‚
702 921 788 985 quibus
800 933 845 967 ora
854 915 961 980 rigabas,

212 1012 241 1047 ¹0
290 1000 356 1053 Cum
367 1018 420 1050 mea
430 1014 542 1049 concreto
550 1002 613 1049 sicea
621 996 706 1047 dolote
718 997 806 1045 forent.

259 1078 355 1131 Grande
366 1096 428 1129 voco
439 1080 552 1127 meritum
563 1112 571 1135 ‚
591 1075 674 1125 maestae
691 1074 776 1123 solatia
786 1074 891 1128 meuriss

290 1158 356 1211 cum
364 1160 449 1222 pariter
462 1157 531 1206 nobis
543 1155 587 1203 iila
597 1155 688 1219 tibique
700 1149 776 1203 dares.

258 1238 346 1300 Sponte
357 1230 471 1297 quidem,
485 1247 526 1295 per
534 1232 604 1294 seque
616 1245 669 1277 mea
681 1227 714 1275 est
724 1222 850 1274 laudibilis
861 1235 936 1276 uror3

289 1309 423 1361 Admonitu
432 1307 518 1356 melior
526 1305 555 1357 fit
566 1321 646 1357 tamen
657 1304 700 1353 iila
711 1318 764 1352 tuo.

213 1402 239 1451 ις
259 1389 370 1455 Namque
378 1383 445 1452 qued
457 1386 599 1434 Hermiones
609 1382 694 1433 Castor
703 1380 762 1434 fuit,
770 1378 858 1427 Hestor
867 1375 930 1433 iiili,

291 1468 345 1517 Hoc
356 1481 402 1529 ego
413 1480 435 1513 te
448 1463 516 1512 lator
526 1463 634 1527 conjugis
643 1455 688 1508 effe
699 1473 767 1507 ntea.

260 1545 319 1607 Quae
327 1560 356 1593 ne
366 1540 488 1593 dissimilis
500 1541 545 1589 tibi
555 1542 585 1587 sit
596 1540 734 1603 probitate,
746 1534 840 1583 laborat
847 1547 857 1589 ς
926 1568 932 1575 ,

292 1624 368 1688 Seque
382 1624 418 1670 tui
430 1620 480 1669 vitai
488 1619 607 1683 sanguinis
618 1612 664 1663 effe
674 1613 770 1678 probat.

260 1700 340 1767 Ergo,
358 1697 425 1765 quod
439 1697 515 1746 fuerat
529 1694 629 1743 stimulis
641 1691 730 1741 faeiura
741 1692 790 1737 sine
801 1686 877 1745 ullis,

122 1813 125 1819 ·
213 1788 243 1821 20
294 1777 388 1827 Plenius
400 1778 519 1825 truciorem
534 1788 557 1823 te
572 1786 669 1837 quoque
684 1770 751 1817 naiia
764 1766 832 1815 facit.

260 1857 339 1917 Acer,
359 1858 383 1905 δι
402 1852 433 1903 ad
442 1853 527 1919 palmae
538 1867 578 1916 per
589 1851 611 1897 se
623 1849 732 1897 cursurus
745 1848 865 1902 honores,

292 1937 316 1983 Si
328 1950 407 1983 tamen
418 1933 535 1989 horteris,
550 1929 637 1979 fortior
646 1927 691 1975 ibit
702 1958 710 1979 ,
727 1938 810 1988 equus.

259 2010 343 2069 Adde,
361 2007 429 2075 quod
443 2010 544 2057 absentis
555 2006 612 2055 curi
621 2000 735 2053 mandata
749 1998 817 2049 fideli

292 2086 389 2137 Perficis
401 2120 409 2146 ,
428 2089 453 2135 &
462 2086 556 2133 nullum
568 2083 629 2131 ferte
640 2083 742 2146 gravatis
753 2092 828 2127 onus.v

214 2183 239 2227 25
260 2167 297 2217 O!
309 2165 413 2215 referant
423 2176 499 2228 grates
510 2163 641 2227 ‚quoniam
652 2175 702 2206 non
709 2153 831 2221 possumus
842 2154 904 2217 ipsi.

294 2242 328 2293 Di
347 2243 389 2292 tibi
402 2260 409 2289 t
420 2243 462 2306 qui
471 2239 591 2297 referent,
601 2239 620 2285 si
631 2237 670 2300 pia
681 2233 743 2285 faiia
753 2230 845 2282 vident.

262 2320 413 2386 Sufficiatque
425 2316 465 2367 diu
476 2333 561 2382 corpus
570 2330 667 2381 quoque
675 2313 783 2361 moribus
796 2310 865 2369 istis,

293 2400 401 2454 Maxima
416 2393 524 2449 Fundani
540 2394 637 2461 gloria,
654 2389 733 2450 Rufe,
749 2386 805 2437 soli.

559 2664 682 2895 ψ
