2334 3917
164 394 167 400 ¹
228 364 511 431 ΔΤκιετιυΜ
544 357 639 424 Lrn.
673 357 742 424 III.
784 377 849 440 21?

178 482 256 534 Coefar
268 485 294 531 in
303 484 350 531 hoc
361 482 440 545 potuit
451 481 508 542 juris
517 479 602 527 habere
611 476 681 526 nihil.

148 560 249 621 Quilibet
256 561 317 608 hanc
326 560 388 607 faevo
396 561 472 606 vitam
479 557 540 605 mihi
552 554 620 604 finiat
631 557 698 612 ense;

74 636 75 639 '
179 640 217 687 Me
228 637 428 688 tamenexstinsto
439 635 504 683 fama
518 633 628 697 superstes
640 636 692 682 erit.
874 637 904 686 §d

74 712 75 719 ¹
145 714 254 781 Dumque
264 716 310 762 suis
320 716 403 763 victrix
414 727 513 760 omnem
524 708 553 758 de
563 710 686 758 montibus
695 710 779 772 orbem

178 793 302 856 Prospiciet
313 788 436 839 domitum
447 790 535 838 Martia
543 789 641 845 Roma,
654 787 727 852 legar.

150 871 184 919 Tu
192 886 303 935 quoque,
319 886 393 934 quam
406 867 476 916 studii
492 881 588 916 maneat
599 865 693 914 felicior
704 867 756 914 usur
769 885 775 913 e

178 947 260 1013 Effuge
270 962 397 1008 venturos,
412 947 461 1012 quai
470 962 555 1011 potes,
569 959 643 1010 usque
654 959 735 1010 rogor.

168 1071 840 1146 offlssfflflfflu·

153 1231 182 1250 m
280 1195 535 1256 ELEGIA
575 1195 718 1256 VIII.

148 1285 270 1408 Nunc
277 1373 323 1422 ego
329 1357 472 1423 Triptolemi
479 1373 590 1422 euperem
600 1327 759 1408 consrendere
769 1371 858 1415 currus,

180 1435 247 1484 Misit
257 1439 283 1483 in
293 1439 402 1498 ignotam
412 1438 454 1502 qui
465 1434 524 1485 rude
534 1438 614 1486 semen
622 1441 737 1486 humum:

147 1510 219 1564 Nunc
231 1529 277 1578 ego
291 1512 384 1562 Medic
393 1513 483 1562 vellem
496 1513 591 1562 frenare
601 1512 733 1573 dracones,

181 1591 247 1651 Quos
257 1591 341 1640 habuit
355 1591 449 1656 fugiens
460 1607 530 1651 arte,
542 1589 675 1646 Corinthe,
689 1593 745 1640 tuiz

147 1669 218 1719 Nunc
234 1660 279 1734 ego
295 1667 415 1734 jaflandas
427 1684 535 1734 optarem
546 1671 637 1719 sonuere
652 1685 753 1734 pennas,
881 1678 892 1722 5

180 1750 233 1796 Sive
245 1763 315 1803 tuas,
333 1747 432 1806 Persen,
446 1745 560 1806 Daedale,
574 1751 622 1797 sive
634 1761 702 1795 tuas:

113 1875 116 1879 .
147 1825 199 1885 Ut,
217 1824 297 1874 teneri
309 1825 394 1874 noflris
405 1823 504 1874 cedente
514 1824 635 1874 volatibus
645 1825 701 1874 auri
708 1858 716 1884 ,

178 1905 313 1968 Aspicerern
325 1906 406 1968 partit
414 1901 485 1952 dulce
495 1915 590 1967 repente
603 1901 696 1952 folum:

145 1983 299 2048 Defertaeque
314 1979 402 2032 domuit
415 1981 529 2039 vultum,
541 1995 707 2045 memoresque
716 1977 827 2040 sodales,

74 2116 75 2119 ,
179 2061 291 2126 Cataque
300 2057 416 2124 praecipue
430 2062 539 2122 conjugit
547 2066 590 2107 ora
599 2061 667 2106 mihi.
702 2111 703 2114 Ἴ
881 2074 909 2108 re

74 2136 75 2191 ]
145 2138 245 2196 Stulte,
262 2135 531 2202 quidolfruflravotia
540 2135 671 2201 puerilibus
683 2151 769 2202 optas,
896 2139 919 2148 ”

178 2217 240 2276 Qua
250 2231 300 2264 non
312 2213 361 2262 ulla
371 2212 427 2262 tulit
437 2249 445 2272 ,
456 2212 549 2279 fertque
559 2249 567 2274 ‚
582 2214 689 2281 feretque
700 2214 749 2264 dies
759 2219 768 2262 Ξ

142 2296 169 2345 Si
184 2292 258 2342 semel
269 2289 402 2356 optandum
418 2293 469 2351 est,
483 2293 612 2357 Augustum
623 2309 711 2342 numen
723 2291 812 2344 adora:

177 2372 210 2420 Et
220 2387 293 2436 quem
304 2369 380 2419 lasisti
392 2404 400 2428 ‚
412 2373 456 2419 rite
467 2387 575 2434 precare,
593 2371 683 2421 Deum.
711 2381 717 2389 “

139 2450 189 2499 ille
201 2450 247 2498 tibi
258 2463 393 2514 pennasque
404 2448 480 2512 potest
490 2463 617 2514 currusque
628 2448 737 2498 volucres
883 2453 890 2484 ¹
900 2455 907 2498 5

178 2523 286 2575 Tradere
297 2544 304 2573 e
316 2524 357 2574 det
368 2523 487 2585 reditum,
506 2528 613 2590 protinus
624 2525 671 2575 ales
682 2529 736 2575 eris.

141 2607 169 2653 Si
185 2619 270 2668 precer
280 2605 348 2662 hac,
366 2607 517 2668 nequeenim
532 2607 621 2668 possim
633 2606 726 2669 majora¹
738 2607 827 2668 precari
838 2640 846 2665 ,

178 2682 221 2734 Ne
232 2698 285 2730 rnea
294 2683 423 2731 rinttimeo
433 2698 490 2730 vota
501 2680 606 2731 modesta
616 2698 711 2746 parurn.

140 2760 257 2808 Forsitan
269 2761 315 2808 hoc
326 2758 386 2808 olim
398 2794 406 2817 ‚
421 2760 478 2808 culm
493 2762 516 2808 se
528 2762 647 2810 satiaverit
657 2762 707 2818 ira,
780 2787 782 2794 ‹

177 2837 247 2885 Tum
263 2853 359 2902 quoque
371 2836 465 2886 soliciti
479 2852 560 2886 mente
573 2836 692 2902 rogandus
704 2829 757 2889 erit.
883 2855 911 2886 ιο

140 2912 223 2974 Quod
239 2917 318 2963 minus
329 2919 419 2964 interea
431 2915 480 2973 est,
492 2915 562 2964 instar
570 2915 633 2965 ‘mihi
648 2921 751 2967 muneris
761 2920 853 2985 ampli,
925 2932 945 2956 ⁶·

174 2992 214 3040 Ex
232 2995 267 3040 his
280 3009 318 3041 me
328 2995 408 3058 jubeat
418 2994 527 3058 quolibet
537 2995 571 3040 ire
582 2993 651 3042 locis.

137 3071 196 3120 Nec
210 3071 321 3129 coelum,
337 3088 379 3122 nec
389 3088 457 3138 aqua
469 3071 573 3134 faciunt,
587 3088 630 3122 nec
642 3087 713 3137 terra,
730 3091 773 3126 net
785 3093 863 3137 nurae3
907 3097 909 3100 ·
924 3095 928 3100 ·

182 3149 319 3207 romu.
729 3157 757 3211 ις
