2334 3917
273 418 340 495 350
398 399 441 471 P.
472 400 628 471 Orruit
650 402 845 475 NAronrr

299 520 419 569 Auxilium
437 524 492 571 vitae
510 520 622 587 fertque,
634 523 741 589 feretque
751 538 819 573 mee.

269 591 355 653 Unde,
375 614 443 660 roges
463 598 561 653 forsan,
578 597 667 649 fiducia
684 616 749 650 tanta
764 602 838 650 futuri

298 676 332 721 Sit
344 676 403 722 mihi
414 693 419 722 ι
431 674 498 741 quod
510 676 567 726 fecit
577 680 677 743 quisque
688 693 766 727 tuetur
776 694 847 742 opus.

265 746 301 797 Ut
314 750 394 799 Venus
411 744 507 801 artificis
523 753 592 802 labor
606 754 639 803 est
656 759 680 803 δι
694 754 771 819 gloria
787 754 855 814 Coi,

219 834 249 882 3⁰
297 826 420 894 AEquoreo
438 830 545 882 madidas
561 849 614 897 quae
630 837 717 897 premit
731 834 807 881 imbre
825 849 928 882 comare

222 916 230 932 ¹
261 906 332 975 'Artis
354 923 380 958 ut
396 910 477 959 Aiiaeae
494 912 532 961 vel
551 914 639 961 eburna
653 913 691 962 vel
709 914 796 961 ahenea
813 892 910 966 cuiids,

299 986 388 1037 Bellica
404 987 517 1037 Phidiaci
528 988 572 1039 stat
588 990 641 1040 Dea
657 990 717 1039 falia
729 1006 820 1047 mann,

267 1061 381 1113 Vindicat
391 1080 418 1114 ut
433 1065 540 1115 Calamis
552 1064 662 1121 laudem,
674 1082 733 1132 quos
748 1066 806 1114 fecit
813 1100 822 1125 ,
833 1080 967 1130 equorum3

299 1140 334 1190 Ut
347 1143 431 1191 similis
442 1158 502 1193 verae
514 1159 585 1192 vacca
596 1144 705 1204 Myronis
721 1159 799 1208 opus,

220 1234 246 1284 ⁵5
268 1216 304 1265 Sic
315 1234 365 1281 ‘ego
382 1236 433 1283 pars
451 1236 528 1268 retum
546 1235 595 1267 non
607 1219 709 1279 ultima,
720 1221 803 1279 Sexte,
821 1233 931 1279 tuarum,
970 1233 973 1237 ⁴

298 1294 437 1361 Tutelaeque
455 1295 518 1345 feror
535 1312 621 1345 munus
637 1313 742 1362 opusque
760 1312 815 1346 tuae.

401 1538 428 1601 E
445 1542 467 1601 P
487 1542 500 1601 l
521 1542 540 1601 S
561 1542 590 1601 T
611 1542 642 1603 Ο
660 1543 684 1601 L
705 1542 735 1603 A
774 1542 788 1601 1
810 1542 834 1601 Ι.

476 1672 546 1733 SE
573 1674 607 1734 V
620 1674 694 1733 ER
719 1675 757 1733 0.

270 1762 480 1911 Quoolegis,
492 1834 523 1884 o!
535 1835 864 1900 Vatesmagnornmmatime
872 1837 977 1908 Regum,

299 1913 372 1962 lenit
388 1914 417 1960 ab
433 1917 533 1961 intonsis
548 1928 640 1979 usque,
657 1916 758 1970 Severe,
772 1914 848 1963 Getis.

266 1988 343 2053 Cujus
363 1988 440 2037 adhuc
458 2007 547 2058 nomen
564 1991 655 2039 nostros
671 1988 768 2039 tacuisse
784 1989 899 2050 libellos,

298 2068 321 2116 Si
342 2065 418 2115 modii
435 2071 552 2132 permittis
564 2066 645 2116 dicere.
656 2083 728 2127 vera,
741 2065 823 2133 pudes.

236 2168 247 2214 ς
269 2143 333 2192 Orba
345 2158 424 2193 tamen
436 2148 538 2193 numeris
552 2140 649 2193 celsavit
660 2145 758 2209 epistola
768 2161 901 2210 numquam

300 2221 335 2269 lte
352 2238 393 2287 per
411 2222 511 2270 alternas
529 2218 636 2271 officiosa
653 2224 726 2272 vices.

237 2336 242 2347 .
267 2298 382 2350 Carmina
399 2300 449 2349 sola
465 2301 508 2348 tibi
525 2315 658 2347 memorem
675 2299 783 2348 testantia
800 2315 881 2348 curam

300 2376 357 2427 Non
368 2376 423 2428 data
432 2378 486 2426 sunt
497 2396 503 2426 r
515 2374 573 2443 quid
586 2380 667 2436 enim,
679 2392 732 2442 quae
740 2376 798 2431 facis
806 2380 869 2443 ipse,
882 2376 982 2429 darem}

268 2455 326 2516 Quis
339 2456 386 2505 mel
399 2455 513 2510 Aristan,
531 2458 583 2521 quis
601 2455 695 2503 Baccho
711 2457 767 2503 vina
783 2454 903 2515 Falerno,

222 2563 251 2598 ,0
299 2534 450 2600 Triptolemo
461 2533 553 2597 fruges,
566 2548 640 2597 poma
650 2529 690 2581 det
701 2531 820 2582 Alcinoo?
900 2530 905 2544 ’
972 2566 976 2581 1

267 2613 353 2662 fertile
371 2614 449 2677 peritis
465 2614 555 2670 habes,
574 2613 682 2676 interque
700 2608 817 2659 Helicona
833 2606 941 2657 colentes

299 2691 400 2739 Uberius
414 2689 475 2741 nulli
490 2691 602 2755 provenit
616 2688 659 2737 ista
675 2688 748 2751 seges.

267 2768 365 2818 Mittere
375 2784 470 2817 carmen
484 2765 605 2825 adhunc,
624 2762 722 2813 frondes
736 2778 786 2811 erat
800 2758 887 2811 addere
905 2762 983 2813 silvis.

175 2908 180 2915 x
300 2847 357 2894 Haec
376 2848 436 2895 mihi
457 2840 584 2893 cuniiandi·
601 2844 687 2900 causa,
705 2844 807 2900 Severe,
827 2840 882 2889 fuit.

222 2949 248 3000 ¹5
268 2924 319 2973 Nec
336 2939 417 2972 tamen
430 2923 552 2987 ingenium
567 2920 637 2971 nobis
651 2917 792 2983 respondet,
812 2932 838 2965 nt
856 2932 928 2965 anre:
988 2938 1003 2966 o

300 3000 346 3053 Sed
361 3005 450 3051 siccum
467 2999 539 3049 sterili
553 3014 651 3049 vomere
669 2997 726 3045 litus
740 3012 791 3044 aro.

267 3080 363 3130 Scilicet
378 3094 405 3130 ut
422 3078 493 3127 limus
510 3093 580 3132 venas
598 3089 699 3126 exczcn
717 3076 744 3124 in
763 3068 851 3131 undis,
