2334 3917
252 425 394 492 Errsr.
419 436 474 488 tx
500 419 653 488 Porro
679 418 717 485 L.
743 414 775 482 Ι.
814 439 885 502 ιρς

164 542 215 596 Cui
225 562 269 596 noe
281 551 306 596 tt
316 547 450 607 lacrymas,
461 544 598 606 supremum
606 543 632 588 in
640 539 722 588 funere
730 551 816 585 munus
826 565 833 593 ,

195 623 227 673 Et
242 623 352 674 dedimus
361 619 443 671 ntedio
455 621 542 683 scripta
553 615 660 667 canenda
668 615 733 666 foro.
902 621 932 667 30

163 699 234 750 Adde
244 700 311 767 quod
324 702 357 750 est
373 699 445 748 freter
457 711 526 747 tanto
537 697 582 745 tibi
593 697 687 759 junditts
699 707 780 742 amore
791 724 800 750 ,
895 709 909 722 v

197 778 307 845 Quantus
319 782 343 826 in
355 774 443 825 Atridis
454 773 648 838 Tyndaridisque
661 772 717 820 fuit.

164 855 186 902 ls
198 872 237 903 me
247 868 291 903 nec
302 857 432 913 comitem,
449 869 495 902 nec
507 850 649 916 dedignatus
663 851 767 898 amicum
783 847 830 895 est:
916 876 922 886 -

197 931 223 978 Si
240 945 320 980 tamen
336 933 386 979 licre
395 930 433 978 illi
443 944 493 978 non
503 931 615 978 nocitura
625 941 702 992 putas.

163 1007 189 1055 Si
200 1009 296 1064 minus,
310 1010 354 1056 hac
371 1021 468 1073 quoque
482 1024 523 1056 me
537 1003 679 1056 mendacem
693 1017 759 1069 parte
777 1003 879 1052 fatebor.
902 1004 927 1050 35
1024 1045 1028 1052 ,

195 1083 286 1136 Clausa
303 1089 362 1134 mihi
378 1086 459 1150 potiris
474 1100 526 1134 tota
536 1084 620 1134 sitista
630 1081 726 1132 donnus.

80 1178 81 1221 l
163 1159 211 1209 Sed
229 1158 306 1228 neque
324 1161 459 1212 claudenda
470 1163 521 1221 τῆς
543 1166 568 1210 iit
580 1161 648 1210 nulla
659 1163 766 1226 potentia
776 1162 838 1210 vires

80 1224 81 1285 ss
196 1239 341 1300 Praestandt,
353 1255 384 1288 ne
393 1238 453 1305 quid
462 1254 546 1304 peccet
557 1241 662 1292 amicus,
673 1238 752 1285 habet.
783 1282 785 1286 .

80 1338 81 1349 π
164 1313 197 1363 Et
209 1329 290 1364 tamen
299 1332 325 1366 ut
333 1333 442 1381 cuperent
451 1317 546 1382 culpam
557 1333 654 1382 quoque
662 1311 727 1379 polle
734 1317 828 1378 negari:

80 1386 81 1391 ¹
197 1394 236 1440 Sic
247 1392 337 1442 facinus
348 1411 421 1442 nemo
429 1395 505 1443 nescit
514 1390 592 1443 abeffe
602 1394 672 1440 tullii.
896 1399 929 1443 40

80 1490 81 1513 t
162 1469 236 1532 Quod
249 1475 294 1520 nisi
304 1469 384 1521 deliiii
394 1488 447 1538 pars
461 1469 601 1520 excusabilis
613 1466 687 1529 effes,

80 1606 81 1617 ἵ
195 1550 270 1600 Parva
281 1550 381 1614 relegati
390 1565 462 1614 penna
472 1549 552 1598 fututa
562 1547 618 1598 fuir.
666 1556 668 1564 '

161 1627 213 1692 lpse
228 1627 269 1677 sed
282 1631 328 1677 hoc
346 1627 430 1688 vidit,
443 1631 485 1693 qui
503 1625 613 1693 pervidet
623 1627 724 1685 omnia,
736 1622 815 1674 Cesar
827 1657 835 1684 ,

194 1707 327 1755 stultitiam
342 1704 390 1754 dici
405 1707 506 1754 crimina
518 1701 583 1770 polle
594 1719 657 1752 mea.

162 1782 265 1848 Quique
277 1800 322 1848 ego
333 1786 430 1848 permisi
443 1818 451 1842 ‚
466 1782 562 1849 quique
571 1782 605 1830 est
618 1797 653 1830 res
661 1775 742 1845 palla,
756 1781 875 1844 pepercit:
894 1788 924 1831 ‘ii

194 1858 256 1909 Usus
273 1865 297 1910 δι
314 1861 347 1909 est
357 1858 452 1909 modici
464 1859 572 1908 fulminis
582 1863 638 1923 igne
648 1853 692 1907 sui'.

161 1937 213 1988 Nec
224 1942 298 1988 vitam
310 1977 318 2000 ,
340 1955 384 1987 nec
394 1955 465 2003 opes,
477 1955 521 1986 nec
533 1936 624 1986 ademit
635 1929 701 2002 polle
716 1936 816 1994 reverti,

191 2019 216 2066 Si
228 2019 269 2066 sua
286 2033 327 2082 per
345 2017 431 2066 vestras
442 2019 503 2067 viiia
520 2019 551 2065 sit
561 2019 596 2064 ita
607 2031 695 2081 preces.

160 2096 192 2146 At
203 2098 306 2160 graviter
315 2092 390 2143 cecidi
400 2091 472 2159 :quid
480 2097 544 2142 enim
557 2093 667 2142 mirabile
677 2129 685 2152 ‚
698 2093 780 2159 siquis

193 2174 282 2223 diove
292 2169 412 2238 perculsus
418 2189 472 2222 non
486 2173 538 2223 leve
549 2173 636 2223 vulnus
650 2175 738 2222 habeti
895 2184 924 2226 5⁰

160 2251 212 2316 lpse
226 2253 277 2300 suas
288 2267 315 2300 ut
324 2256 373 2316 jam
383 2254 442 2300 vires
457 2253 575 2300 inhiberet
585 2251 690 2300 Achilles
700 2286 709 2306 ,

192 2327 266 2377 Milia
282 2345 363 2393 grates
373 2331 432 2377 icius
442 2329 518 2377 Pelias
531 2329 595 2378 hasta
611 2330 676 2378 tulit.
756 2367 758 2373 .

159 2403 281 2455 iudicium
293 2406 363 2454 nobis
374 2409 447 2470 igitur
458 2405 513 2454 crim
521 2405 625 2454 vindicis
636 2404 698 2456 adsit
710 2440 719 2465 ,
796 2460 800 2465 ,

192 2483 251 2533 Non
262 2483 295 2532 est
311 2500 353 2533 cuc
368 2499 408 2533 tua
421 2501 460 2532 me
471 2487 541 2549 lanua
552 2481 619 2531 nolle
631 2497 711 2548 neget.

159 2559 235 2612 Culta
252 2559 366 2626 quidem,
384 2561 460 2610 fateor
472 2597 480 2620 ‚
492 2565 570 2616 citra,
590 2560 665 2627 quim
673 2560 773 2619 debuit,
787 2561 846 2610 illr:
893 2562 920 2604 ii

191 2636 239 2687 Sed
253 2637 299 2686 fuit
313 2642 338 2687 in
350 2638 404 2687 facis
414 2641 461 2688 hoc
473 2655 585 2705 quoque,
602 2637 691 2704 credo,¹
706 2641 774 2687 meis.

158 2714 210 2763 Nec
224 2730 305 2764 tamen
321 2714 430 2774 officium
441 2718 512 2765 sensit
522 2721 598 2782 magis
610 2716 684 2767 altera
693 2717 808 2766 nostrum.

189 2792 239 2842 Hic
251 2828 259 2853 ‚
278 2793 345 2853 illic,
356 2795 433 2844 vestro
447 2795 489 2843 sub
501 2796 559 2844 Late
568 2797 661 2859 semper
668 2811 741 2844 etam.

79 2920 80 2945 p
156 2871 265 2937 Quaeque
281 2886 323 2921 tua
333 2873 365 2920 eii
375 2875 449 2938 pietas
460 2906 468 2930 ,
481 2887 541 2922 utre
554 2889 604 2921 non
615 2873 710 2921 excolat
719 2873 813 2936 ipsum,
835 2879 838 2886 ·

188 2951 229 2998 lus
239 2947 341 3015 aliquod
351 2965 430 3000 tecum
439 2951 517 3000 fratris
528 2954 618 2999 amicus
630 2943 712 3012 haliet.
889 2944 921 2984 ὅθ
973 2971 976 2978 ·

159 3023 239 3087 Quid?
253 3025 336 3092 quod,
348 3043 375 3078 ut
388 3030 492 3078 emeritis
505 3025 628 3076 referenda
639 3028 671 3076 est
681 3027 757 3092 gratia
765 3030 870 3093 semper,

190 3105 229 3155 Sic
246 3104 279 3156 est
292 3104 395 3158 fortune
405 3102 561 3173 prometuiffe
572 3105 633 3156 tuaei

690 3187 716 3242 N
734 3186 760 3256 iij
