<?xml version="1.0" encoding="UTF-8"?>
<!DOCTYPE html PUBLIC "-//W3C//DTD XHTML 1.0 Transitional//EN"
    "http://www.w3.org/TR/xhtml1/DTD/xhtml1-transitional.dtd">
<html xmlns="http://www.w3.org/1999/xhtml" xml:lang="en" lang="en">
 <head>
  <title>
</title>
<meta http-equiv="Content-Type" content="text/html;charset=utf-8" />
  <meta name='ocr-system' content='tesseract 3.04.00' />
  <meta name='ocr-capabilities' content='ocr_page ocr_carea ocr_par ocr_line ocrx_word'/>
</head>
<body>
  <div class='ocr_page' id='page_1' title='image "./povidiinasoniso05ovidgoog_0295.png"; bbox 0 0 2334 3917; ppageno 0'>
   <div class='ocr_carea' id='block_1_1' title="bbox 265 416 876 518">
    <p class='ocr_par' dir='ltr' id='par_1_1' title="bbox 265 416 876 518">
     <span class='ocr_line' id='line_1_1' title="bbox 265 416 876 518; baseline 0.007 -32"><span class='ocrx_word' id='word_1_1' title='bbox 265 420 407 490; x_wconf 76' lang='lat' dir='ltr'>Error.</span> <span class='ocrx_word' id='word_1_2' title='bbox 432 435 490 485; x_wconf 76' lang='lat' dir='ltr'>ux</span> <span class='ocrx_word' id='word_1_3' title='bbox 512 416 665 486; x_wconf 69' lang='lat' dir='ltr'>Ponto</span> <span class='ocrx_word' id='word_1_4' title='bbox 691 422 780 489; x_wconf 84' lang='lat' dir='ltr'>LI.</span> <span class='ocrx_word' id='word_1_5' title='bbox 811 426 876 518; x_wconf 76' lang='lat'>²35</span> 
     </span>
    </p>
   </div>
   <div class='ocr_carea' id='block_1_2' title="bbox 164 536 922 838">
    <p class='ocr_par' dir='ltr' id='par_1_2' title="bbox 164 536 922 838">
     <span class='ocr_line' id='line_1_2' title="bbox 199 536 846 604; baseline 0.005 -16"><span class='ocrx_word' id='word_1_6' title='bbox 199 536 394 604; x_wconf 80' lang='lat' dir='ltr'>Thessaliamque</span> <span class='ocrx_word' id='word_1_7' title='bbox 410 536 487 600; x_wconf 76' lang='lat' dir='ltr'>adiit,</span> <span class='ocrx_word' id='word_1_8' title='bbox 505 540 590 603; x_wconf 81' lang='lat' dir='ltr'>hospes</span> <span class='ocrx_word' id='word_1_9' title='bbox 605 537 719 600; x_wconf 79' lang='lat' dir='ltr'>Achillis,</span> <span class='ocrx_word' id='word_1_10' title='bbox 736 541 846 591; x_wconf 84' lang='lat' dir='ltr'>humum.</span> 
     </span>
     <span class='ocr_line' id='line_1_3' title="bbox 164 614 922 677; baseline 0.001 -12"><span class='ocrx_word' id='word_1_11' title='bbox 164 615 237 666; x_wconf 78' lang='lat' dir='ltr'>Exsul</span> <span class='ocrx_word' id='word_1_12' title='bbox 255 619 285 667; x_wconf 81' lang='lat' dir='ltr'>ab</span> <span class='ocrx_word' id='word_1_13' title='bbox 295 617 422 667; x_wconf 78' lang='lat' dir='ltr'>llaemonia</span> <span class='ocrx_word' id='word_1_14' title='bbox 436 614 545 666; x_wconf 73' lang='lat' dir='ltr'>Pirenida</span> <span class='ocrx_word' id='word_1_15' title='bbox 559 619 628 666; x_wconf 82' lang='lat' dir='ltr'>cessit</span> <span class='ocrx_word' id='word_1_16' title='bbox 643 615 674 667; x_wconf 86' lang='lat' dir='ltr'>ad</span> <span class='ocrx_word' id='word_1_17' title='bbox 685 615 792 677; x_wconf 80' lang='lat' dir='ltr'>undam,</span> <span class='ocrx_word' id='word_1_18' title='bbox 895 631 922 676; x_wconf 77' lang='lat'>75</span> 
     </span>
     <span class='ocr_line' id='line_1_4' title="bbox 199 693 821 762; baseline 0.005 -19"><span class='ocrx_word' id='word_1_19' title='bbox 199 694 255 755; x_wconf 88' lang='lat' dir='ltr'>Quo</span> <span class='ocrx_word' id='word_1_20' title='bbox 266 693 343 753; x_wconf 89' lang='lat' dir='ltr'>duce,</span> <span class='ocrx_word' id='word_1_21' title='bbox 357 694 420 744; x_wconf 81' lang='lat' dir='ltr'>trabs</span> <span class='ocrx_word' id='word_1_22' title='bbox 433 693 539 745; x_wconf 77' lang='lat' dir='ltr'>Colchas</span> <span class='ocrx_word' id='word_1_23' title='bbox 547 696 611 744; x_wconf 76' lang='lat' dir='ltr'>sacra</span> <span class='ocrx_word' id='word_1_24' title='bbox 619 698 722 744; x_wconf 84' lang='lat' dir='ltr'>cucurrit</span> <span class='ocrx_word' id='word_1_25' title='bbox 729 711 821 762; x_wconf 81' lang='lat' dir='ltr'>aquas,</span> 
     </span>
     <span class='ocr_line' id='line_1_5' title="bbox 165 770 753 838; baseline 0 -18"><span class='ocrx_word' id='word_1_26' title='bbox 165 771 250 838; x_wconf 86' lang='lat' dir='ltr'>Liquit</span> <span class='ocrx_word' id='word_1_27' title='bbox 259 771 405 838; x_wconf 79' lang='lat' dir='ltr'>Agenorides</span> <span class='ocrx_word' id='word_1_28' title='bbox 416 770 515 821; x_wconf 73' lang='lat' dir='ltr'>Sidonia</span> <span class='ocrx_word' id='word_1_29' title='bbox 523 775 614 820; x_wconf 71' lang='lat' dir='ltr'>munia</span> <span class='ocrx_word' id='word_1_30' title='bbox 627 770 735 822; x_wconf 80' lang='lat' dir='ltr'>Cadmus</span> <span class='ocrx_word' id='word_1_31' title='bbox 744 807 753 828; x_wconf 89' lang='lat'>‚</span> 
     </span>
    </p>
   </div>
   <div class='ocr_carea' id='block_1_3' title="bbox 92 849 652 899">
    <p class='ocr_par' dir='ltr' id='par_1_3' title="bbox 92 849 652 899">
     <span class='ocr_line' id='line_1_6' title="bbox 92 849 652 899; baseline -0.002 -2"><span class='ocrx_word' id='word_1_32' title='bbox 92 879 96 885; x_wconf 90' lang='lat'><strong>·</strong></span> <span class='ocrx_word' id='word_1_33' title='bbox 199 851 301 899; x_wconf 89' lang='lat' dir='ltr'>Poneret</span> <span class='ocrx_word' id='word_1_34' title='bbox 311 866 338 899; x_wconf 93' lang='lat' dir='ltr'>ut</span> <span class='ocrx_word' id='word_1_35' title='bbox 347 865 429 899; x_wconf 81' lang='lat' dir='ltr'>muros</span> <span class='ocrx_word' id='word_1_36' title='bbox 440 853 465 898; x_wconf 94' lang='lat' dir='ltr'>in</span> <span class='ocrx_word' id='word_1_37' title='bbox 475 849 575 898; x_wconf 85' lang='lat' dir='ltr'>meliore</span> <span class='ocrx_word' id='word_1_38' title='bbox 588 850 652 898; x_wconf 89' lang='lat' dir='ltr'>loto.</span> 
     </span>
    </p>
   </div>
   <div class='ocr_carea' id='block_1_4' title="bbox 163 924 928 1612">
    <p class='ocr_par' dir='ltr' id='par_1_4' title="bbox 163 924 928 1612">
     <span class='ocr_line' id='line_1_7' title="bbox 165 924 829 989; baseline 0 -15"><span class='ocrx_word' id='word_1_39' title='bbox 165 925 241 975; x_wconf 86' lang='lat' dir='ltr'>Venit</span> <span class='ocrx_word' id='word_1_40' title='bbox 256 924 426 976; x_wconf 77' lang='lat' dir='ltr'>adddrastum</span> <span class='ocrx_word' id='word_1_41' title='bbox 442 924 560 989; x_wconf 85' lang='lat' dir='ltr'>Tydeus,</span> <span class='ocrx_word' id='word_1_42' title='bbox 575 924 703 987; x_wconf 78' lang='lat' dir='ltr'>Calydone</span> <span class='ocrx_word' id='word_1_43' title='bbox 719 924 829 989; x_wconf 66' lang='lat' dir='ltr'>fugituri</span> 
     </span>
     <span class='ocr_line' id='line_1_8' title="bbox 200 1000 928 1070; baseline -0.001 -17"><span class='ocrx_word' id='word_1_44' title='bbox 200 1005 231 1054; x_wconf 85' lang='lat' dir='ltr'>Et</span> <span class='ocrx_word' id='word_1_45' title='bbox 241 1007 361 1056; x_wconf 85' lang='lat' dir='ltr'>Teucrum</span> <span class='ocrx_word' id='word_1_46' title='bbox 372 1007 459 1055; x_wconf 87' lang='lat' dir='ltr'>Veneri</span> <span class='ocrx_word' id='word_1_47' title='bbox 473 1017 540 1070; x_wconf 77' lang='lat' dir='ltr'>grata</span> <span class='ocrx_word' id='word_1_48' title='bbox 549 1008 639 1070; x_wconf 85' lang='lat' dir='ltr'>recepit</span> <span class='ocrx_word' id='word_1_49' title='bbox 649 1007 745 1056; x_wconf 88' lang='lat' dir='ltr'>humus.</span> <span class='ocrx_word' id='word_1_50' title='bbox 896 1000 928 1048; x_wconf 81' lang='lat'>80</span> 
     </span>
     <span class='ocr_line' id='line_1_9' title="bbox 165 1079 813 1147; baseline -0.005 -16"><span class='ocrx_word' id='word_1_51' title='bbox 165 1081 232 1145; x_wconf 87' lang='lat' dir='ltr'>Quid</span> <span class='ocrx_word' id='word_1_52' title='bbox 247 1083 347 1139; x_wconf 78' lang='lat' dir='ltr'>referam</span> <span class='ocrx_word' id='word_1_53' title='bbox 355 1099 445 1133; x_wconf 82' lang='lat' dir='ltr'>veteres</span> <span class='ocrx_word' id='word_1_54' title='bbox 456 1084 572 1132; x_wconf 66' lang='lat' dir='ltr'>Romane</span> <span class='ocrx_word' id='word_1_55' title='bbox 577 1086 670 1147; x_wconf 80' lang='lat' dir='ltr'>gentis,</span> <span class='ocrx_word' id='word_1_56' title='bbox 683 1079 746 1146; x_wconf 79' lang='lat' dir='ltr'>apud</span> <span class='ocrx_word' id='word_1_57' title='bbox 754 1097 813 1146; x_wconf 84' lang='lat' dir='ltr'>quor</span> 
     </span>
     <span class='ocr_line' id='line_1_10' title="bbox 197 1159 765 1210; baseline 0.004 -2"><span class='ocrx_word' id='word_1_58' title='bbox 197 1159 322 1209; x_wconf 80' lang='lat' dir='ltr'>Exsulibus</span> <span class='ocrx_word' id='word_1_59' title='bbox 335 1160 406 1210; x_wconf 84' lang='lat' dir='ltr'>tellus</span> <span class='ocrx_word' id='word_1_60' title='bbox 421 1160 507 1209; x_wconf 77' lang='lat' dir='ltr'>ultima</span> <span class='ocrx_word' id='word_1_61' title='bbox 517 1161 594 1209; x_wconf 83' lang='lat' dir='ltr'>Tibur</span> <span class='ocrx_word' id='word_1_62' title='bbox 604 1167 671 1210; x_wconf 81' lang='lat' dir='ltr'>erat?</span> <span class='ocrx_word' id='word_1_63' title='bbox 763 1165 765 1170; x_wconf 88' lang='lat'>&#39;</span> 
     </span>
     <span class='ocr_line' id='line_1_11' title="bbox 165 1235 798 1302; baseline 0 -18"><span class='ocrx_word' id='word_1_64' title='bbox 165 1237 294 1302; x_wconf 85' lang='lat' dir='ltr'>Persequar</span> <span class='ocrx_word' id='word_1_65' title='bbox 311 1253 338 1286; x_wconf 95' lang='lat' dir='ltr'>ut</span> <span class='ocrx_word' id='word_1_66' title='bbox 346 1240 460 1295; x_wconf 75' lang='lat' dir='ltr'>tunsios3</span> <span class='ocrx_word' id='word_1_67' title='bbox 470 1237 533 1286; x_wconf 91' lang='lat' dir='ltr'>nulli</span> <span class='ocrx_word' id='word_1_68' title='bbox 542 1235 611 1287; x_wconf 80' lang='lat' dir='ltr'>datus</span> <span class='ocrx_word' id='word_1_69' title='bbox 622 1237 733 1290; x_wconf 83' lang='lat' dir='ltr'>omnibus</span> <span class='ocrx_word' id='word_1_70' title='bbox 744 1238 798 1286; x_wconf 83' lang='lat' dir='ltr'>aevis</span> 
     </span>
     <span class='ocr_line' id='line_1_12' title="bbox 197 1313 793 1379; baseline -0.005 -16"><span class='ocrx_word' id='word_1_71' title='bbox 197 1315 260 1363; x_wconf 72' lang='lat' dir='ltr'>Turn</span> <span class='ocrx_word' id='word_1_72' title='bbox 270 1315 355 1379; x_wconf 91' lang='lat' dir='ltr'>procul</span> <span class='ocrx_word' id='word_1_73' title='bbox 370 1330 383 1363; x_wconf 85' lang='grc' dir='ltr'>ι</span> <span class='ocrx_word' id='word_1_74' title='bbox 393 1314 468 1379; x_wconf 75' lang='lat' dir='ltr'>patrii</span> <span class='ocrx_word' id='word_1_75' title='bbox 476 1315 523 1368; x_wconf 87' lang='lat' dir='ltr'>est,</span> <span class='ocrx_word' id='word_1_76' title='bbox 533 1313 700 1372; x_wconf 82' lang='lat' dir='ltr'>horridiorve,</span> <span class='ocrx_word' id='word_1_77' title='bbox 717 1313 793 1364; x_wconf 82' lang='lat' dir='ltr'>locus.</span> 
     </span>
     <span class='ocr_line' id='line_1_13' title="bbox 164 1389 924 1458; baseline -0.004 -17"><span class='ocrx_word' id='word_1_78' title='bbox 164 1391 221 1453; x_wconf 88' lang='lat' dir='ltr'>Quo</span> <span class='ocrx_word' id='word_1_79' title='bbox 228 1396 303 1456; x_wconf 77' lang='lat' dir='ltr'>magis</span> <span class='ocrx_word' id='word_1_80' title='bbox 313 1394 422 1458; x_wconf 76' lang='lat' dir='ltr'>ignoscat</span> <span class='ocrx_word' id='word_1_81' title='bbox 431 1393 546 1457; x_wconf 80' lang='lat' dir='ltr'>sapientia</span> <span class='ocrx_word' id='word_1_82' title='bbox 553 1392 629 1441; x_wconf 78' lang='lat' dir='ltr'>vestra</span> <span class='ocrx_word' id='word_1_83' title='bbox 641 1389 756 1450; x_wconf 80' lang='lat' dir='ltr'>dolenti,</span> <span class='ocrx_word' id='word_1_84' title='bbox 896 1390 924 1454; x_wconf 80' lang='lat'>85</span> 
     </span>
     <span class='ocr_line' id='line_1_14' title="bbox 197 1468 688 1529; baseline -0.002 -12"><span class='ocrx_word' id='word_1_85' title='bbox 197 1469 246 1529; x_wconf 87' lang='lat' dir='ltr'>Qui</span> <span class='ocrx_word' id='word_1_86' title='bbox 257 1469 315 1518; x_wconf 81' lang='lat' dir='ltr'>facit</span> <span class='ocrx_word' id='word_1_87' title='bbox 324 1485 353 1518; x_wconf 86' lang='lat' dir='ltr'>ex</span> <span class='ocrx_word' id='word_1_88' title='bbox 364 1468 432 1518; x_wconf 76' lang='lat' dir='ltr'>diuis</span> <span class='ocrx_word' id='word_1_89' title='bbox 441 1485 490 1519; x_wconf 88' lang='lat' dir='ltr'>non</span> <span class='ocrx_word' id='word_1_90' title='bbox 500 1471 534 1517; x_wconf 85' lang='lat' dir='ltr'>ita</span> <span class='ocrx_word' id='word_1_91' title='bbox 544 1470 621 1521; x_wconf 82' lang='lat' dir='ltr'>multa</span> <span class='ocrx_word' id='word_1_92' title='bbox 634 1470 688 1518; x_wconf 78' lang='lat' dir='ltr'>tuis.</span> 
     </span>
     <span class='ocr_line' id='line_1_15' title="bbox 163 1543 804 1612; baseline 0.002 -17"><span class='ocrx_word' id='word_1_93' title='bbox 163 1543 216 1595; x_wconf 88' lang='lat' dir='ltr'>Nec</span> <span class='ocrx_word' id='word_1_94' title='bbox 231 1561 311 1596; x_wconf 80' lang='lat' dir='ltr'>tamen</span> <span class='ocrx_word' id='word_1_95' title='bbox 325 1546 437 1606; x_wconf 83' lang='lat' dir='ltr'>inficior,</span> <span class='ocrx_word' id='word_1_96' title='bbox 452 1550 472 1596; x_wconf 83' lang='lat' dir='ltr'>ri</span> <span class='ocrx_word' id='word_1_97' title='bbox 486 1550 579 1612; x_wconf 84' lang='lat' dir='ltr'>possint</span> <span class='ocrx_word' id='word_1_98' title='bbox 592 1547 670 1596; x_wconf 78' lang='lat' dir='ltr'>nolira</span> <span class='ocrx_word' id='word_1_99' title='bbox 680 1550 746 1596; x_wconf 88' lang='lat' dir='ltr'>coire</span> <span class='ocrx_word' id='word_1_100' title='bbox 802 1554 804 1558; x_wconf 89' lang='grc'><strong>’</strong></span> 
     </span>
    </p>
   </div>
   <div class='ocr_carea' id='block_1_5' title="bbox 163 1622 926 2150">
    <p class='ocr_par' dir='ltr' id='par_1_5' title="bbox 163 1622 743 1752">
     <span class='ocr_line' id='line_1_16' title="bbox 197 1622 702 1689; baseline 0.002 -18"><span class='ocrx_word' id='word_1_101' title='bbox 197 1623 323 1684; x_wconf 81' lang='lat' dir='ltr'>Vulnera,</span> <span class='ocrx_word' id='word_1_102' title='bbox 339 1627 462 1689; x_wconf 81' lang='lat' dir='ltr'>praeceptis</span> <span class='ocrx_word' id='word_1_103' title='bbox 476 1622 542 1689; x_wconf 82' lang='lat' dir='ltr'>polle</span> <span class='ocrx_word' id='word_1_104' title='bbox 559 1630 625 1674; x_wconf 89' lang='lat' dir='ltr'>coire</span> <span class='ocrx_word' id='word_1_105' title='bbox 645 1627 702 1674; x_wconf 83' lang='lat' dir='ltr'>tuis.</span> 
     </span>
     <span class='ocr_line' id='line_1_17' title="bbox 163 1694 743 1752; baseline 0.005 -5"><span class='ocrx_word' id='word_1_106' title='bbox 163 1694 211 1747; x_wconf 79' lang='lat' dir='ltr'>sed</span> <span class='ocrx_word' id='word_1_107' title='bbox 228 1713 328 1752; x_wconf 87' lang='lat' dir='ltr'>vereor,</span> <span class='ocrx_word' id='word_1_108' title='bbox 343 1713 373 1746; x_wconf 90' lang='lat' dir='ltr'>ne</span> <span class='ocrx_word' id='word_1_109' title='bbox 382 1714 422 1746; x_wconf 87' lang='lat' dir='ltr'>me</span> <span class='ocrx_word' id='word_1_110' title='bbox 433 1697 517 1748; x_wconf 76' lang='lat' dir='ltr'>frustra</span> <span class='ocrx_word' id='word_1_111' title='bbox 528 1699 619 1748; x_wconf 77' lang='lat' dir='ltr'>servare</span> <span class='ocrx_word' id='word_1_112' title='bbox 631 1698 743 1750; x_wconf 72' lang='lat' dir='ltr'>laboress</span> 
     </span>
    </p>

    <p class='ocr_par' dir='ltr' id='par_1_6' title="bbox 164 1772 926 1918">
     <span class='ocr_line' id='line_1_18' title="bbox 198 1772 926 1844; baseline 0 -22"><span class='ocrx_word' id='word_1_113' title='bbox 198 1772 251 1822; x_wconf 86' lang='lat' dir='ltr'>Neu</span> <span class='ocrx_word' id='word_1_114' title='bbox 267 1778 334 1840; x_wconf 79' lang='lat' dir='ltr'>juret</span> <span class='ocrx_word' id='word_1_115' title='bbox 345 1774 446 1826; x_wconf 67' lang='lat' dir='ltr'>admoti</span> <span class='ocrx_word' id='word_1_116' title='bbox 458 1773 566 1841; x_wconf 81' lang='lat' dir='ltr'>perditus</span> <span class='ocrx_word' id='word_1_117' title='bbox 576 1791 638 1839; x_wconf 76' lang='lat' dir='ltr'>aeger</span> <span class='ocrx_word' id='word_1_118' title='bbox 651 1789 707 1839; x_wconf 88' lang='lat' dir='ltr'>ope.</span> <span class='ocrx_word' id='word_1_119' title='bbox 894 1795 926 1844; x_wconf 70' lang='lat'>5⁰</span> 
     </span>
     <span class='ocr_line' id='line_1_19' title="bbox 164 1845 844 1918; baseline -0.001 -18"><span class='ocrx_word' id='word_1_120' title='bbox 164 1849 217 1900; x_wconf 89' lang='lat' dir='ltr'>Nec</span> <span class='ocrx_word' id='word_1_121' title='bbox 229 1851 316 1916; x_wconf 89' lang='lat' dir='ltr'>loquor</span> <span class='ocrx_word' id='word_1_122' title='bbox 325 1845 375 1901; x_wconf 72' lang='lat' dir='ltr'>hrec&#39;</span> <span class='ocrx_word' id='word_1_123' title='bbox 386 1887 395 1913; x_wconf 90' lang='lat'>,</span> <span class='ocrx_word' id='word_1_124' title='bbox 411 1854 469 1918; x_wconf 83' lang='lat' dir='ltr'>quia</span> <span class='ocrx_word' id='word_1_125' title='bbox 487 1854 518 1902; x_wconf 88' lang='lat' dir='ltr'>sit</span> <span class='ocrx_word' id='word_1_126' title='bbox 533 1855 612 1915; x_wconf 82' lang='lat' dir='ltr'>major</span> <span class='ocrx_word' id='word_1_127' title='bbox 623 1850 746 1916; x_wconf 82' lang='lat' dir='ltr'>prudentia</span> <span class='ocrx_word' id='word_1_128' title='bbox 757 1850 826 1899; x_wconf 88' lang='lat' dir='ltr'>nobis</span> <span class='ocrx_word' id='word_1_129' title='bbox 837 1868 844 1909; x_wconf 73' lang='grc' dir='ltr'><strong><em>ς</em></strong></span> 
     </span>
    </p>

    <p class='ocr_par' dir='ltr' id='par_1_7' title="bbox 164 1926 829 2071">
     <span class='ocr_line' id='line_1_20' title="bbox 198 1926 762 1995; baseline 0.002 -20"><span class='ocrx_word' id='word_1_130' title='bbox 198 1926 243 1977; x_wconf 83' lang='lat' dir='ltr'>Sed</span> <span class='ocrx_word' id='word_1_131' title='bbox 254 1931 315 1987; x_wconf 86' lang='lat' dir='ltr'>rim,</span> <span class='ocrx_word' id='word_1_132' title='bbox 326 1947 400 1995; x_wconf 82' lang='lat' dir='ltr'>quam</span> <span class='ocrx_word' id='word_1_133' title='bbox 410 1927 521 1984; x_wconf 85' lang='lat' dir='ltr'>medico,</span> <span class='ocrx_word' id='word_1_134' title='bbox 535 1931 616 1978; x_wconf 89' lang='lat' dir='ltr'>notior</span> <span class='ocrx_word' id='word_1_135' title='bbox 631 1930 678 1993; x_wconf 91' lang='lat' dir='ltr'>ipse</span> <span class='ocrx_word' id='word_1_136' title='bbox 693 1931 762 1978; x_wconf 89' lang='lat' dir='ltr'>milri.</span> 
     </span>
     <span class='ocr_line' id='line_1_21' title="bbox 164 2003 829 2071; baseline 0.005 -18"><span class='ocrx_word' id='word_1_137' title='bbox 164 2003 200 2054; x_wconf 85' lang='lat' dir='ltr'>Ut</span> <span class='ocrx_word' id='word_1_138' title='bbox 212 2021 292 2055; x_wconf 77' lang='lat' dir='ltr'>temen</span> <span class='ocrx_word' id='word_1_139' title='bbox 301 2007 348 2055; x_wconf 89' lang='lat' dir='ltr'>hoc</span> <span class='ocrx_word' id='word_1_140' title='bbox 359 2010 394 2056; x_wconf 81' lang='lat' dir='ltr'>ita</span> <span class='ocrx_word' id='word_1_141' title='bbox 404 2011 450 2062; x_wconf 84' lang='lat' dir='ltr'>sit,</span> <span class='ocrx_word' id='word_1_142' title='bbox 465 2022 552 2056; x_wconf 84' lang='lat' dir='ltr'>munus</span> <span class='ocrx_word' id='word_1_143' title='bbox 564 2020 604 2055; x_wconf 82' lang='lat' dir='ltr'>tua</span> <span class='ocrx_word' id='word_1_144' title='bbox 618 2004 706 2071; x_wconf 80' lang='lat' dir='ltr'>grande</span> <span class='ocrx_word' id='word_1_145' title='bbox 718 2005 829 2056; x_wconf 80' lang='lat' dir='ltr'>voluntas</span> 
     </span>
    </p>

    <p class='ocr_par' dir='ltr' id='par_1_8' title="bbox 198 2079 685 2150">
     <span class='ocr_line' id='line_1_22' title="bbox 198 2079 685 2150; baseline -0.002 -17"><span class='ocrx_word' id='word_1_146' title='bbox 198 2079 237 2133; x_wconf 83' lang='lat' dir='ltr'>Ad</span> <span class='ocrx_word' id='word_1_147' title='bbox 247 2099 287 2132; x_wconf 90' lang='lat' dir='ltr'>me</span> <span class='ocrx_word' id='word_1_148' title='bbox 296 2089 421 2148; x_wconf 80' lang='lat' dir='ltr'>pervenit,</span> <span class='ocrx_word' id='word_1_149' title='bbox 431 2085 610 2150; x_wconf 82' lang='lat' dir='ltr'>consuliturque</span> <span class='ocrx_word' id='word_1_150' title='bbox 618 2086 685 2134; x_wconf 87' lang='lat' dir='ltr'>boni.</span> 
     </span>
    </p>
   </div>
   <div class='ocr_carea' id='block_1_6' title="bbox 166 2212 929 2288">
    <p class='ocr_par' dir='ltr' id='par_1_9' title="bbox 166 2212 929 2288">
     <span class='ocr_line' id='line_1_23' title="bbox 166 2212 929 2288; baseline 0.004 -17"><span class='ocrx_word' id='word_1_151' title='bbox 166 2212 868 2288; x_wconf 45' lang='lat' dir='ltr'>ffl=ssfflflfi=z==u</span> <span class='ocrx_word' id='word_1_152' title='bbox 926 2231 929 2236; x_wconf 89' lang='lat'>&#39;</span> 
     </span>
    </p>
   </div>
   <div class='ocr_carea' id='block_1_7' title="bbox 309 2359 731 2548">
    <p class='ocr_par' dir='ltr' id='par_1_10' title="bbox 309 2359 731 2548">
     <span class='ocr_line' id='line_1_24' title="bbox 309 2359 731 2446; baseline 0.007 -28"><span class='ocrx_word' id='word_1_153' title='bbox 309 2359 731 2446; x_wconf 73' lang='lat' dir='ltr'>nu1sT0LA1v.</span> 
     </span>
     <span class='ocr_line' id='line_1_25' title="bbox 409 2479 634 2548; baseline 0.004 -10"><span class='ocrx_word' id='word_1_154' title='bbox 409 2479 634 2548; x_wconf 77' lang='lat' dir='ltr'>uxonn</span> 
     </span>
    </p>
   </div>
   <div class='ocr_carea' id='block_1_8' title="bbox 162 2569 905 3169">
    <p class='ocr_par' dir='ltr' id='par_1_11' title="bbox 166 2569 779 2783">
     <span class='ocr_line' id='line_1_26' title="bbox 166 2569 779 2704; baseline 0.005 -19"><span class='ocrx_word' id='word_1_155' title='bbox 166 2569 222 2693; x_wconf 67' lang='lat' dir='ltr'>Ji</span> <span class='ocrx_word' id='word_1_156' title='bbox 231 2652 252 2687; x_wconf 79' lang='lat' dir='ltr'>u</span> <span class='ocrx_word' id='word_1_157' title='bbox 273 2639 333 2687; x_wconf 85' lang='lat' dir='ltr'>milri</span> <span class='ocrx_word' id='word_1_158' title='bbox 349 2636 453 2689; x_wconf 85' lang='lat' dir='ltr'>deterior</span> <span class='ocrx_word' id='word_1_159' title='bbox 463 2642 527 2692; x_wconf 81' lang='lat' dir='ltr'>canis</span> <span class='ocrx_word' id='word_1_160' title='bbox 543 2639 690 2704; x_wconf 76' lang='lat' dir='ltr'>adspergitur</span> <span class='ocrx_word' id='word_1_161' title='bbox 704 2651 779 2700; x_wconf 74' lang='lat' dir='ltr'>utas3</span> 
     </span>
     <span class='ocr_line' id='line_1_27' title="bbox 196 2715 696 2783; baseline 0.006 -21"><span class='ocrx_word' id='word_1_162' title='bbox 196 2715 297 2781; x_wconf 80' lang='lat' dir='ltr'>Jamque</span> <span class='ocrx_word' id='word_1_163' title='bbox 307 2733 374 2766; x_wconf 87' lang='lat' dir='ltr'>meos</span> <span class='ocrx_word' id='word_1_164' title='bbox 383 2718 463 2767; x_wconf 84' lang='lat' dir='ltr'>vultus</span> <span class='ocrx_word' id='word_1_165' title='bbox 471 2734 529 2783; x_wconf 78' lang='lat' dir='ltr'>ruga</span> <span class='ocrx_word' id='word_1_166' title='bbox 540 2718 619 2767; x_wconf 79' lang='lat' dir='ltr'>senilis</span> <span class='ocrx_word' id='word_1_167' title='bbox 630 2731 696 2776; x_wconf 80' lang='lat' dir='ltr'>arat3</span> 
     </span>
    </p>

    <p class='ocr_par' dir='ltr' id='par_1_12' title="bbox 162 2792 819 2939">
     <span class='ocr_line' id='line_1_28' title="bbox 162 2792 819 2862; baseline 0.009 -22"><span class='ocrx_word' id='word_1_168' title='bbox 162 2792 215 2842; x_wconf 76' lang='lat' dir='ltr'>Jam</span> <span class='ocrx_word' id='word_1_169' title='bbox 223 2797 310 2859; x_wconf 75' lang='lat' dir='ltr'>vigor,</span> <span class='ocrx_word' id='word_1_170' title='bbox 323 2800 348 2846; x_wconf 73' lang='grc' dir='ltr'>δι</span> <span class='ocrx_word' id='word_1_171' title='bbox 360 2792 443 2862; x_wconf 74' lang='lat' dir='ltr'>quello</span> <span class='ocrx_word' id='word_1_172' title='bbox 461 2795 577 2861; x_wconf 77' lang='lat' dir='ltr'>languent</span> <span class='ocrx_word' id='word_1_173' title='bbox 593 2799 618 2844; x_wconf 88' lang='lat' dir='ltr'>iu</span> <span class='ocrx_word' id='word_1_174' title='bbox 631 2811 731 2859; x_wconf 85' lang='lat' dir='ltr'>corpore</span> <span class='ocrx_word' id='word_1_175' title='bbox 742 2798 819 2856; x_wconf 79' lang='lat' dir='ltr'>vires3</span> 
     </span>
     <span class='ocr_line' id='line_1_29' title="bbox 196 2871 733 2939; baseline 0.004 -19"><span class='ocrx_word' id='word_1_176' title='bbox 196 2871 265 2931; x_wconf 91' lang='lat' dir='ltr'>Nec,</span> <span class='ocrx_word' id='word_1_177' title='bbox 278 2877 359 2937; x_wconf 74' lang='lat' dir='ltr'>juveni</span> <span class='ocrx_word' id='word_1_178' title='bbox 369 2874 432 2923; x_wconf 83' lang='lat' dir='ltr'>lusus</span> <span class='ocrx_word' id='word_1_179' title='bbox 443 2876 484 2939; x_wconf 88' lang='lat' dir='ltr'>qui</span> <span class='ocrx_word' id='word_1_180' title='bbox 494 2873 617 2938; x_wconf 80' lang='lat' dir='ltr'>placuere,</span> <span class='ocrx_word' id='word_1_181' title='bbox 630 2873 733 2938; x_wconf 79' lang='lat' dir='ltr'>placent.</span> 
     </span>
    </p>

    <p class='ocr_par' dir='ltr' id='par_1_13' title="bbox 163 2947 905 3078">
     <span class='ocr_line' id='line_1_30' title="bbox 163 2947 905 3032; baseline 0.004 -36"><span class='ocrx_word' id='word_1_182' title='bbox 163 2947 215 2996; x_wconf 89' lang='lat' dir='ltr'>Nec</span> <span class='ocrx_word' id='word_1_183' title='bbox 232 2953 251 2997; x_wconf 83' lang='lat' dir='ltr'>si</span> <span class='ocrx_word' id='word_1_184' title='bbox 263 2967 302 3000; x_wconf 89' lang='lat' dir='ltr'>rne</span> <span class='ocrx_word' id='word_1_185' title='bbox 314 2951 392 3001; x_wconf 75' lang='lat' dir='ltr'>subito</span> <span class='ocrx_word' id='word_1_186' title='bbox 403 2949 499 3004; x_wconf 82' lang='lat' dir='ltr'>videar,</span> <span class='ocrx_word' id='word_1_187' title='bbox 511 2953 637 3014; x_wconf 82' lang='lat' dir='ltr'>agnoscere</span> <span class='ocrx_word' id='word_1_188' title='bbox 648 2953 721 3015; x_wconf 81' lang='lat' dir='ltr'>possis</span> <span class='ocrx_word' id='word_1_189' title='bbox 733 2968 740 2998; x_wconf 80' lang='grc' dir='ltr'>ι</span> <span class='ocrx_word' id='word_1_190' title='bbox 894 2988 905 3032; x_wconf 69' lang='lat'>5</span> 
     </span>
     <span class='ocr_line' id='line_1_31' title="bbox 198 3025 644 3078; baseline 0.007 -5"><span class='ocrx_word' id='word_1_191' title='bbox 198 3025 283 3076; x_wconf 76' lang='lat' dir='ltr'>AEtatis</span> <span class='ocrx_word' id='word_1_192' title='bbox 296 3028 357 3078; x_wconf 72' lang='lat' dir='ltr'>sosia</span> <span class='ocrx_word' id='word_1_193' title='bbox 371 3029 404 3078; x_wconf 90' lang='lat' dir='ltr'>est</span> <span class='ocrx_word' id='word_1_194' title='bbox 418 3042 484 3078; x_wconf 80' lang='lat' dir='ltr'>tanta</span> <span class='ocrx_word' id='word_1_195' title='bbox 493 3030 561 3076; x_wconf 80' lang='lat' dir='ltr'>ruina</span> <span class='ocrx_word' id='word_1_196' title='bbox 574 3044 644 3078; x_wconf 73' lang='lat' dir='ltr'>mea.</span> 
     </span>
    </p>

    <p class='ocr_par' dir='ltr' id='par_1_14' title="bbox 163 3099 858 3169">
     <span class='ocr_line' id='line_1_32' title="bbox 163 3099 858 3169; baseline 0.004 -14"><span class='ocrx_word' id='word_1_197' title='bbox 163 3099 293 3155; x_wconf 83' lang='lat' dir='ltr'>Confiteor</span> <span class='ocrx_word' id='word_1_198' title='bbox 301 3104 378 3156; x_wconf 82' lang='lat' dir='ltr'>facere</span> <span class='ocrx_word' id='word_1_199' title='bbox 386 3107 437 3162; x_wconf 70' lang='lat' dir='ltr'>hac</span> <span class='ocrx_word' id='word_1_200' title='bbox 447 3119 522 3156; x_wconf 78' lang='lat' dir='ltr'>annos</span> <span class='ocrx_word' id='word_1_201' title='bbox 533 3122 540 3154; x_wconf 80' lang='grc' dir='ltr'>ι</span> <span class='ocrx_word' id='word_1_202' title='bbox 552 3103 594 3154; x_wconf 89' lang='lat' dir='ltr'>sed</span> <span class='ocrx_word' id='word_1_203' title='bbox 606 3109 631 3157; x_wconf 70' lang='grc' dir='ltr'>δι</span> <span class='ocrx_word' id='word_1_204' title='bbox 643 3104 716 3156; x_wconf 78' lang='lat' dir='ltr'>altere</span> <span class='ocrx_word' id='word_1_205' title='bbox 727 3107 797 3159; x_wconf 77' lang='lat' dir='ltr'>cause</span> <span class='ocrx_word' id='word_1_206' title='bbox 808 3108 858 3169; x_wconf 81' lang='lat' dir='ltr'>esi,</span> 
     </span>
    </p>
   </div>
   <div class='ocr_carea' id='block_1_9' title="bbox 0 0 1172 3917">
    <p class='ocr_par' dir='ltr' id='par_1_15' title="bbox 0 0 1172 3917">
     <span class='ocr_line' id='line_1_33' title="bbox 0 0 1172 3917; baseline 0 0"><span class='ocrx_word' id='word_1_207' title='bbox 0 0 1172 3917; x_wconf 95' lang='lat' dir='ltr'> </span> 
     </span>
    </p>
   </div>
  </div>
 </body>
</html>
