2334 3917
278 388 417 457 Errs'r.
441 403 498 457 ex
518 384 673 462 Pouuo
695 383 734 455 L.
753 384 821 457 IV.
855 408 916 477 371

205 548 919 621 cae--ss--Q‘sskeaea--ffl

337 690 364 757 E
384 693 406 754 P
427 694 441 754 1
462 692 482 755 S
502 693 531 753 T
553 694 583 755 Ο
604 694 679 755 LA
717 691 747 753 X
767 694 791 755 1.

381 838 410 899 G
429 838 460 899 A
479 840 504 901 I.
523 840 548 899 L
567 840 588 899 Ι
610 839 638 897 Ο
658 839 694 951 llll
710 838 737 897 Ι.

205 924 358 1049 Gauro
367 1034 376 1061 ‚
395 1002 486 1049 crimen
500 1003 546 1051 erit
554 1001 595 1051 vix
608 997 742 1049 excusabile
759 998 845 1055 nobie,
892 1050 894 1055 ,

235 1075 350 1127 Carmine
367 1093 389 1127 te
402 1095 492 1129 nomen
507 1096 556 1127 non
569 1075 677 1130 habuiffe
692 1094 757 1126 mee.

202 1150 240 1201 Tu
250 1170 346 1220 queque
357 1159 438 1217 enim,
449 1159 563 1218 memini,
577 1156 667 1207 coelelii
677 1153 773 1221 cuspide
786 1155 847 1206 salia

235 1229 323 1279 fovisti
335 1232 446 1295 lacrymis
460 1234 559 1284 vulnera
572 1234 651 1284 nostra
667 1236 722 1283 ruis.

199 1304 278 1371 Atque
290 1310 398 1370 utinam,
411 1314 471 1377 rapti
478 1311 567 1376 peruri
578 1312 644 1360 laesus
656 1314 745 1372 amici,
934 1342 947 1391 5

234 1383 343 1435 Sensili'cs
353 1387 430 1449 ultra,
442 1388 509 1455 quod
518 1406 641 1457 quererere
651 1426 659 1450 ‚
671 1390 747 1439 nihill
828 1408 831 1414 ·

200 1458 257 1509 Non
272 1466 305 1515 ita
321 1464 365 1515 Dis
380 1467 488 1531 placuit,
501 1471 542 1533 qui
555 1483 577 1517 te
595 1469 696 1533 spoliare
707 1465 795 1530 pudici

232 1540 343 1609 Conjuge
358 1544 465 1595 crudeles
483 1562 532 1596 non
550 1547 652 1594 habuere
667 1545 742 1595 nefas.

199 1620 293 1671 Nuucia
304 1639 360 1672 nam
372 1624 446 1673 lustris
456 1627 517 1673 mihi
527 1641 601 1689 nuper
613 1624 710 1689 epistola
721 1626 803 1685 venit,

232 1700 348 1767 Lestaque
364 1718 420 1751 cunr
435 1702 547 1765 lacrymis
562 1705 617 1751 sunt
636 1718 675 1751 rua
693 1700 782 1751 damna
796 1705 864 1753 meir.
917 1739 948 1773 ,ο

198 1774 245 1823 sed
256 1793 333 1843 neque
345 1777 488 1842 prudentem
500 1780 570 1828 solari
581 1779 675 1827 stultior
690 1781 785 1841 ausim,

231 1854 357 1921 Verbaque
368 1854 493 1905 doiiorum
504 1872 562 1906 nota
572 1857 659 1906 referre
670 1857 713 1906 ribi
726 1874 733 1906 c

196 1929 349 1997 finitumque
360 1947 445 1993 tuum,
457 1938 475 1983 si
487 1952 537 1983 non
548 1938 658 1994 rarione,
670 1934 782 1986 dolorem

229 2008 281 2071 Ipsi
290 2014 340 2075 Jam
351 2009 443 2076 priclcrn
453 2013 558 2078 suspicor
569 2010 617 2063 effe
627 2014 706 2063 mori.

195 2084 262 2135 Dum
274 2104 314 2139 tua
324 2089 445 2154 pervenit,
457 2090 515 2141 dum
527 2092 599 2141 litora
608 2093 687 2143 nostra
697 2109 817 2144 recurrens
916 2120 955 2170 ¹5*

229 2167 279 2217 Tot
290 2172 364 2217 maria
375 2186 403 2221 ac
414 2184 486 2219 terras
497 2188 619 2236 permeat,
636 2190 711 2223 annus
723 2175 782 2224 abit.

196 2241 322 2308 Temporis
332 2246 457 2309 officium,
468 2250 554 2301 solatia
565 2250 661 2313 dicere,
674 2256 733 2302 certi
745 2253 796 2311 est,

227 2319 293 2368 Dum
304 2320 375 2371 dolor
384 2328 409 2372 in
420 2328 488 2373 cursu
499 2328 531 2375 est
541 2362 549 2385 ‚
561 2327 621 2376 dum
631 2332 692 2393 perir
702 2346 763 2394 εμπ
773 2346 856 2394 opem.

194 2398 227 2447 Ar
238 2399 293 2447 crim
304 2399 376 2465 longa
388 2400 438 2451 dies
448 2401 538 2451 sedavit
547 2404 646 2455 vulnera
656 2410 760 2469 mentis,

228 2476 392 2541 intempestivi
404 2482 445 2544 qui
457 2479 525 2529 foret
534 2482 594 2541 illa,
608 2500 691 2535 novat.
911 2514 943 2548 20

193 2550 262 2603 Adde
272 2554 354 2619 quod,
364 2571 435 2623 atque
446 2561 538 2607 utinam
547 2576 632 2611 verum
643 2566 689 2614 ribi
697 2570 871 2619 veneriromeu
881 2571 889 2622 l

226 2628 349 2699 Conjugio
361 2634 419 2685 felix
431 2640 482 2704 jam
493 2653 563 2705 poter¹
571 2636 619 2691 eli'e
628 2658 705 2695 novo.
