2334 3917
282 392 350 473 164
397 388 439 455 P.
478 388 634 455 Ovrnrr
669 391 865 468 Nasonis

310 508 363 567 Ne,
374 524 427 572 quae
437 523 486 556 non
495 524 554 574 opus
563 509 609 567 est,
623 509 685 559 sorte
696 510 812 576 loquare,
824 510 902 563 dabis.

276 586 386 634 Protinus
396 583 533 635 admonitus
550 602 641 651 repetet
649 605 703 637 mea
713 592 814 639 crimina
824 590 915 650 ledor,

308 662 339 711 Ec
350 679 448 727 peragar
456 665 539 728 populi
550 666 659 730 publicus
670 684 711 715 ote
722 685 783 717 reus.

229 750 256 801 ²5
276 739 330 791 Neu
340 756 396 791 cave
406 739 535 802 defendas,
547 748 656 809 quamvis
664 745 805 797 mordebere
815 745 893 797 dmin

309 816 389 869 Causa
403 824 537 885 patrocinio
547 838 598 871 non
608 824 672 874 bona
682 828 750 890 pejor
760 828 814 875 erit.
860 882 864 887 .
930 861 935 874 ,

277 894 385 946 Invenies
397 899 514 964 aliquem.
528 903 569 965 qui
579 918 618 949 me
630 904 729 967 suspiret
739 903 883 958 ademtum,

309 974 425 1025 Carmina
434 994 479 1025 nec
490 982 557 1027 siccis
563 979 670 1044 perlegat
676 981 718 1031 ista
728 985 794 1046 genis
805 1000 813 1039 3

277 1052 308 1100 Et
320 1057 403 1102 tacitus
414 1056 507 1115 secum,
519 1073 549 1105 ne
559 1061 612 1123 quis
621 1059 697 1108 malus
708 1059 808 1118 audiat,
820 1075 905 1125 optet,

231 1143 261 1189 30
310 1133 347 1179 Sic
361 1149 429 1187 mea,
443 1133 519 1183 lenito
531 1134 641 1196 casare,
653 1154 724 1201 poena
738 1141 827 1188 minor.

255 1213 260 1229 ‘
278 1207 447 1275 Nosquoque,
459 1215 565 1278 quisquis
573 1217 627 1272 erit,
637 1232 667 1264 ne
677 1220 708 1265 sit
715 1216 846 1277 miserille‚
855 1231 992 1281 precamur,

310 1287 418 1338 Placatos
434 1293 520 1340 misero
536 1295 577 1357 qui
593 1292 660 1342 volet
674 1292 720 1342 effe
731 1293 807 1343 Deos.

277 1364 384 1435 Quaque
395 1368 478 1428 volet,
490 1360 615 1429 rata''sint;
628 1366 753 1438 ablataque
766 1372 879 1437 Principis
891 1373 927 1421 ira

309 1442 408 1493 Sedibus
415 1449 441 1495 in
452 1450 534 1511 patriis
546 1446 586 1497 det
594 1452 655 1499 mihi
666 1448 731 1514 posse
744 1452 818 1499 muri·

232 1540 258 1584 35
277 1522 312 1571 Ur
328 1540 423 1589 peragas
438 1524 568 1585 mandata,
582 1528 668 1583 Liber,
682 1527 808 1594 culpabere
818 1526 916 1585 furiana

312 1602 451 1669 Ingeniique
461 1607 540 1653 minor
548 1602 708 1656 laudeserete
720 1609 777 1655 mei.
820 1631 824 1637 ·

278 1678 368 1729 iudicis
381 1680 489 1732 officinm
497 1683 543 1742 eil,
555 1698 582 1732 ut
592 1699 644 1742 rea,
656 1686 689 1732 ita
705 1698 820 1749 tempora
831 1697 927 1743 tecm,

312 1758 421 1819 Quaerere
433 1780 439 1809 ι
448 1764 549 1826 quaesito
560 1776 685 1825 tempore,
702 1774 768 1811 tutus
777 1764 831 1810 eris.

279 1836 394 1887 Carmina
408 1842 552 1903 proveniunt
561 1844 643 1889 animo
653 1837 754 1888 dedusta
763 1840 863 1897 serenos

231 1934 263 1979 40
312 1916 402 1965 Nubila
417 1918 472 1965 sune
481 1919 563 1967 subitis
574 1915 856 1981 temporannsttamalis.

279 1993 395 2045 Carmina
404 1993 516 2044 secessum
528 1997 687 2045 scribentis&
699 1998 884 2061 otiaquaerunts

312 2074 354 2123 Me
370 2091 452 2134 mare,
472 2078 604 2135 merenti,
618 2074 893 2139 meserajauarhiems.

279 2150 432 2202 Carminibus
443 2168 519 2203 metus
531 2156 611 2203 omnis
620 2153 698 2203 abest:
711 2168 756 2217 ego
767 2150 872 2217 perditus
882 2150 964 2199 ensem

312 2230 435 2280 Haesururn
443 2230 528 2297 jugulo
537 2235 585 2295 jam
594 2246 653 2297 puto
664 2235 833 2297 lamquemeo.

230 2324 259 2373 45
280 2310 336 2359 Haec
350 2326 447 2376 quoquc
455 2307 538 2375 ,qnod
546 2308 627 2368 sacio‚'
639 2307 711 2374 judex
722 2308 846 2357 mirabitur
857 2320 939 2370 aequus
950 2320 960 2363 3

310 2390 449 2453 Scriptaque
462 2404 517 2437 cum
527 2387 597 2437 venis
606 2387 790 2453 qualiacumque
800 2384 871 2449 leget.

278 2468 317 2519 Da
328 2469 388 2517 anibi
398 2465 552 2524 Maeoniden,
565 2470 591 2515 bc
603 2479 640 2515 tot
647 2467 802 2530 circumspice
810 2464 891 2521 casus3

311 2548 436 2611 Ingenium
452 2547 523 2593 tantis
535 2542 629 2593 excidet
638 2560 712 2594 omne
725 2543 805 2594 malis.

199 2643 209 2655 ·
279 2626 390 2690 Denique
405 2626 497 2677 securus
507 2622 595 2681 samar,
610 2622 695 2680 liber,
706 2624 741 2669 ire
751 2634 876 2669 memento
881 2634 892 2681 3
913 2661 917 2672 .

235 2720 265 2768 50
313 2704 365 2753 Nec
383 2704 426 2751 tibi
439 2705 470 2750 sit
480 2701 542 2749 lesio
555 2696 701 2763 displicuisse
711 2696 799 2763 pudor.

282 2781 340 2831 Non
352 2784 386 2829 ita
397 2782 420 2829 se
430 2779 498 2828 nobis
514 2779 603 2843 praebet
618 2778 725 2825 Fortuna
736 2770 882 2833 secundam,

272 2846 274 2853 ’
313 2858 349 2907 Ut
360 2859 405 2908 tibi
424 2860 455 2906 rit
465 2859 527 2906 ratio
539 2854 615 2905 landis
625 2852 737 2903 habenda
744 2868 803 2902 tua.

281 2936 366 2986 Donec
384 2952 449 2987 eram
465 2936 562 2999 sospes,
576 2932 642 2983 tituli
657 2933 770 2997 tangebar
781 2944 881 2987 amoma

239 3020 242 3031 ⁴
314 3013 488 3081 Quaermdique
498 3016 557 3063 milri
571 3015 676 3063 nominis
686 3009 757 3061 atddr
768 3024 828 3059 erat.

235 3112 261 3161 55
282 3094 397 3147 Carmina
407 3108 470 3143 nunc
482 3096 501 3143 si
511 3108 561 3145 non
571 3126 579 3154 ‚
588 3088 739 3158 studiumque
751 3083 926 3157 quod‘obsuit,
934 3082 998 3146 odi,
