2334 3917
281 415 421 481 Error.
438 425 494 479 nx
512 412 667 479 Pouro
686 409 724 477 L
748 407 815 477 IV.
844 416 904 498 365

227 528 259 582 Et
275 549 354 584 totum
371 530 483 583 Numidae
496 531 606 596 sculptile
619 529 697 581 dentis
712 546 781 596 opus·

195 606 227 657 At
241 609 297 659 cuim
312 614 424 676 Tarpeias
438 607 495 659 esses
512 607 625 659 deductus
644 611 670 658 in
690 625 773 670 arces,

226 686 294 740 Dum
309 685 476 753 caderetjuffit
490 690 587 737 vislima
600 688 665 735 sacta
681 700 735 745 tuos
822 752 825 756 ¹
916 709 946 755 30

195 762 238 814 Me
248 782 344 832 quoque
355 764 446 816 secreto
457 781 533 831 grates
543 766 588 813 sibi
597 780 697 829 maguus
708 778 818 829 agentem
937 764 940 773 ⁴

228 842 353 904 dodisset,
366 842 447 894 medis
457 846 498 910 qui
510 840 575 891 sedet
585 839 652 901 aede,
663 841 738 890 Deus.

197 920 309 987 Tutaque
319 938 399 971 mente
409 925 484 987 magis
494 919 583 986 plens,
595 917 670 985 quint
681 919 764 979 lance,
776 916 891 968 dedissem

228 1000 278 1049 ·Ter
289 1016 388 1067 quater,
400 1003 495 1064 imperii
507 1000 574 1048 laetus
585 1001 677 1048 honore
689 1000 733 1047 tol.

195 1074 243 1126 Hic
256 1080 507 1143 egopraesentesinter
518 1078 774 1137 numerateramicos,
936 1082 962 1133 35

226 1154 298 1205 Micia
308 1160 345 1221 Jus
356 1156 419 1204 urbis
429 1158 448 1204 si
459 1153 536 1204 modi>
547 1154 597 1205 sata
607 1153 700 1206 darem.

198 1230 305 1299 Quaeque
316 1235 376 1283 mihi
388 1232 439 1282 sols
451 1235 543 1298 capitur
553 1248 617 1281 nunc
628 1247 709 1281 mente
719 1229 846 1295 voluptas,
869 1263 871 1268 -

225 1311 295 1360 Tunc
306 1311 382 1360 oculis
392 1308 464 1359 'etiam
475 1307 627 1375 percipienda
638 1308 710 1359 foret.

196 1386 257 1439 Non
267 1392 301 1438 ita
312 1388 442 1439 Coelitibus
452 1390 531 1438 visum
543 1388 593 1448 esi,
604 1391 630 1437 sc
641 1387 741 1441 forsitan
751 1389 824 1454 equis
834 1405 841 1436 t

235 1466 298 1517 Nam
310 1465 369 1532 quid
381 1484 419 1516 me
430 1482 507 1533 poenae
518 1469 588 1527 causa
597 1482 683 1533 negata
693 1471 773 1533 juvet?

197 1544 281 1595 Mente
293 1560 391 1607 tamen,
402 1562 455 1613 quae
469 1546 518 1595 sola
530 1546 585 1595 loco
598 1561 648 1595 nou
658 1545 764 1600 exsulat,
776 1559 830 1598 utar
840 1564 847 1595 ε

230 1623 386 1683 Praetextum,
401 1624 474 1675 fasces
486 1626 646 1690 aspiciamque
657 1638 721 1673 tuos.

197 1700 256 1751 Haec
271 1701 347 1751 modo
359 1717 382 1751 tc
397 1703 488 1768 populo
503 1701 643 1751 reddentem
661 1705 713 1767 jura
726 1700 819 1755 videbit
827 1720 836 1763 3

230 1780 262 1830 Et
277 1783 300 1829 se
311 1782 405 1830 secretis
417 1780 492 1845 finget
504 1778 581 1829 adesse
593 1781 664 1829 locis.

197 1857 270 1909 Nunc
282 1859 350 1923 lougi
361 1856 451 1907 reditus
463 1858 532 1909 halla
543 1860 675 1923 supponere
687 1857 753 1907 lustri

232 1934 340 1995 Cernet,
353 1939 378 1984 &
389 1934 469 1985 erasis
481 1938 563 1984 cunila
575 1935 654 1984 locare
663 1934 720 1985 fide.

198 2011 270 2062 Nunc
282 2007 359 2062 facere
369 2015 395 2061 in
407 2010 488 2062 medio
501 2011 633 2063 facundum
643 2015 714 2063 verba
725 2013 828 2075 Senatu,

230 2088 330 2140 Publica
341 2106 487 2157 quaerentem
497 2090 557 2156 quid
567 2107 634 2157 petat
644 2091 744 2141 utilitas.

197 2166 287 2228 Nunc,
300 2185 344 2234 pro
356 2168 505 2229 Caesaribus,
517 2171 612 2235 Superis
623 2168 747 2219 decernere
757 2185 851 2237 grates,

237 2246 323 2299 Albave
332 2250 471 2311 opimorum
482 2248 546 2297 colla
557 2248 628 2297 ferire
639 2249 723 2298 bourn.

197 2320 277 2385 Atque
288 2325 398 2382 utinam,
410 2324 465 2372 crim
477 2328 525 2387 lam
538 2325 610 2373 fueris
620 2328 716 2389 potiora
725 2336 850 2389 precatus,

232 2395 268 2446 Ut
279 2400 341 2446 mihi
353 2398 460 2462 placetur
471 2404 575 2448 numinis
590 2404 642 2459 ira,
654 2401 739 2465 roges!

198 2478 285 2540 Surgat
295 2473 327 2527 ad
337 2477 399 2525 hanc
409 2492 494 2526 vocem
503 2476 579 2541 pleni‘
585 2480 636 2543 pius
646 2481 708 2543 iguis
716 2479 746 2529 ab
756 2494 813 2539 ata,

229 2553 326 2619 Detque
337 2553 429 2603 bonum
445 2567 504 2604 voto
519 2553 612 2603 lucidus
628 2572 700 2604 omen
718 2571 786 2620 apex.

196 2631 303 2685 Interea.
315 2629 364 2696 quai
375 2646 441 2695 parte
452 2630 524 2692 licet,
535 2648 566 2681 ne
576 2636 660 2682 cunila
670 2649 813 2699 queramur,

229 2706 277 2759 Hic
288 2723 385 2773 quoque
397 2723 420 2757 te
431 2708 517 2758 fesium
529 2708 636 2759 Consule
646 2724 739 2775 ternpus
750 2727 828 2777 agam.

193 2784 276 2837 Altera
286 2785 392 2845 laeritiae,
404 2802 449 2834 nec
461 2784 546 2835 cedens
557 2790 626 2837 causa
637 2792 727 2853 priori,

227 2861 350 2915 Successor
366 2867 426 2914 tanti
436 2864 512 2915 frater
522 2867 636 2925 honoris,
650 2870 703 2916 erit.
736 2855 742 2860 ⁵

193 2940 258 2991 Nam
269 2943 314 2991 tibi
326 2940 422 2993 finitum
434 2943 544 2997 summo,
556 2944 681 3005 Gracine,
693 2944 823 2997 Decembri

224 3019 368 3085 Imperium,
380 3020 434 3070 Jani
444 3022 541 3085 suscipit
552 3021 594 3071 ille
607 3019 656 3071 die.
927 3054 959 3094 σο

192 3093 299 3163 Quaeque
309 3098 375 3150 estin
385 3098 453 3152 vobis
461 3100 556 3166 pietas,
568 3098 660 3151 alterna
670 3100 751 3151 feretis

727 3183 841 3277 erjz
