2334 3917
273 396 414 465 Enrsr.
439 412 496 464 tx
517 395 672 477 Ponto
694 394 731 461 t.
751 391 818 463 IV.
847 398 913 480 367
998 365 1006 377 ’

233 516 330 568 Femina
343 518 372 569 de
381 518 451 567 nobis
461 551 469 577 ‚
480 520 561 577 virve,
572 534 677 583 puerve,
689 519 766 582 queri.

198 591 254 643 Hoc
265 595 339 656 facit,
353 611 380 645 ut
390 597 476 645 misero
487 594 583 645 faveant
593 593 719 661 adsintque
728 594 852 655 Tomitae3

229 672 288 722 Hae
302 678 417 741 quoniam
434 672 503 722 tellus
521 670 667 721 testificanda
682 673 742 719 mihi
758 670 799 721 est.

196 746 237 798 lili
250 767 307 811 me,
324 755 381 817 quia
389 751 452 801 velle
462 748 561 810 vident,
572 747 693 799 discedere
702 748 796 797 malunt
807 767 813 799 ι

228 828 341 895 Respedu
352 833 451 895 cupiunt
461 827 501 878 hic
512 843 594 879 tamen
604 824 651 878 effe
661 828 706 877 sui.
916 855 960 889 100

194 902 248 955 Nec
260 909 321 956 mihi
330 905 474 958 credideris:
487 907 577 957 exstant
587 904 699 967 decreta,
711 906 796 973 quibus
806 898 865 955 nos'

227 982 337 1045 Laudat,
352 989 507 1035 &immunes
518 985 615 1051 publica
625 1001 679 1034 ceta
688 983 757 1036 facit.

192 1058 346 1112 Conveniens
357 1066 448 1113 miseris
457 1066 508 1113 haes
519 1080 666 1130 quamquam
676 1063 754 1127 gloria
767 1064 877 1122 nonest,
949 1056 954 1069 ’

224 1141 337 1192 Proxima
347 1140 405 1193 dant
417 1143 487 1192 nobis
501 1138 591 1207 oppida
603 1156 690 1190 munus
702 1139 778 1190 idem.

190 1215 243 1268 Nec
254 1221 327 1283 pietas
337 1223 421 1285 ignota
431 1236 485 1270 mea
496 1220 528 1268 est
539 1238 546 1268 ι
557 1218 625 1269 videt
636 1221 731 1287 hospita
741 1219 812 1269 tellus
913 1257 954 1313 ¹05

223 1297 252 1347 ln
261 1297 341 1346 nostri
351 1300 443 1348 sacrum
457 1298 557 1350 Caesaris
568 1295 615 1347 esse
626 1296 712 1347 domo.

187 1374 258 1425 Stant
267 1380 355 1441 pariter
363 1392 478 1443 natusque
489 1379 555 1441 pius,
570 1380 706 1442 conjuxque
716 1373 840 1431 sacerdos.

221 1452 328 1503 Numina
337 1458 386 1518 jam
398 1454 461 1505 fasso
471 1468 522 1503 non
534 1452 625 1503 leviora
634 1453 699 1503 Deo.

187 1528 242 1581 Neu
253 1530 315 1582 desit
324 1550 376 1599 pars
385 1530 434 1581 uila
445 1528 548 1589 domtis;
559 1530 604 1579 stat
612 1546 711 1597 uterque
722 1546 856 1598 nepotum

219 1609 266 1659 Hic
276 1613 333 1661 avit:
345 1611 414 1661 lateri
425 1610 560 1676 proximus,
572 1609 615 1659 ille
629 1614 716 1674 patria„
907 1635 915 1666 t
922 1634 952 1670 ιο

184 1684 229 1737 His
239 1705 285 1753 ego
296 1687 329 1739 do
340 1692 410 1740 toties
421 1704 477 1737 cum
489 1702 541 1737 ture
550 1690 671 1752 precantia
681 1688 769 1751 verba,

217 1766 270 1816 Eoo
284 1771 378 1833 quoties
390 1769 464 1831 surgit
475 1766 505 1817 ab
520 1765 578 1816 orbe
594 1763 653 1815 dies.

183 1844 263 1903 Tota,
277 1846 334 1895 iicet
349 1861 455 1911 quaeras,
470 1846 518 1896 hoc
534 1858 573 1894 tne
591 1860 641 1894 nort
657 1842 747 1911 fingere
763 1842 845 1907 dicet,

215 1921 297 1972 Officii
312 1924 394 1981 retiis,
412 1924 512 1972 Pontica
525 1937 600 1977 terra,
618 1926 676 1972 mei.

181 1999 281 2052 Pontica
294 2018 332 2049 me
344 2001 430 2059 tellus,
443 2002 537 2067 quantis
548 2002 594 2051 hac
605 1999 729 2066 possumus
741 2002 785 2053 oti
792 2038 802 2065 ,
903 2031 947 2091 ¹¹5

212 2080 325 2130 Natalem
337 2078 399 2129 ludis
416 2081 460 2128 stit
472 2078 590 2129 celebrare
604 2078 661 2129 Dei.

179 2156 232 2209 Nec
246 2160 324 2209 mimis
343 2160 476 2224 hospitibus
492 2160 566 2223 pietas
583 2159 617 2208 esi
634 2163 731 2225 cognita
745 2160 816 2221 talis,

212 2238 281 2286 Misit
295 2240 322 2286 in
332 2240 374 2287 has
389 2240 409 2287 si
423 2254 484 2303 quos
498 2238 572 2303 ionga
585 2238 714 2303 Propontis
729 2255 810 2305 aquas.

166 2310 202 2379 *Is
212 2328 321 2378 quoque,
337 2330 386 2379 quo
402 2315 474 2363 laevus
486 2314 563 2364 fuerat
578 2317 621 2364 sub
637 2315 739 2366 Praside
753 2318 857 2372 Pontus,

209 2386 319 2440 Audierit
331 2390 403 2439 frater
421 2390 522 2439 forsitan
537 2391 580 2440 ista
598 2406 662 2442 tuus.
897 2429 944 2466 tta

175 2468 282 2521 fortuna
292 2468 325 2517 est
333 2471 411 2533 impar
421 2471 517 2529 animo,
529 2468 620 2536 talique
630 2470 732 2521 libenter

207 2544 310 2611 Exiguas
322 2562 395 2611 carpo
407 2562 505 2595 munere
520 2564 610 2613 pauper
629 2564 696 2614 opes.

172 2622 227 2680 Nec
241 2624 321 2676 vestris
334 2622 418 2673 damus
432 2626 483 2674 hec
494 2625 589 2686 oculis,
605 2627 690 2692 procul
704 2626 771 2680 Urbe
785 2633 889 2691 remoti;

206 2701 326 2753 Contenti
340 2702 413 2753 taciti
431 2698 472 2751 sed
486 2704 574 2767 pietate
590 2705 678 2753 sumus.
719 2693 728 2703 ”

170 2780 204 2832 Et
212 2795 292 2830 tamen
302 2781 352 2831 haec
360 2796 459 2847 tangent
467 2780 597 2849 aliquando
606 2782 706 2834 Castris
715 2802 790 2837 aurea.
892 2812 935 2863 ης

169 2922 172 2927 1
203 2858 247 2909 Nil
257 2858 310 2919 ilii,
326 2874 380 2909 toto
391 2857 459 2925 quod
469 2858 533 2909 fit-in
543 2862 697 2921 orbe‚latet.
985 2867 987 2872 '

169 2935 210 2985 Tu
221 2935 284 2987 certd
296 2938 340 2986 seis
353 2939 401 2987 hoe
413 2940 506 3004 Superis
521 2938 628 3000 adscite,
644 2940 757 3011 videsqne
763 2979 775 3009 ,

201 3012 296 3074 Cesar,
309 3028 337 3064 ut
347 3016 379 3065 est
393 3016 470 3066 oculis
486 3016 581 3068 subdita
599 3031 661 3069 tetra
674 3024 730 3072 tuit.

168 3086 209 3141 'su
223 3092 311 3146 nostras
325 3091 392 3145 audis
405 3096 468 3146 inter
485 3110 592 3151 convers
608 3097 702 3150 locatus

703 3181 775 3252 ριν
