2334 3917
247 364 314 409 202
389 345 433 412 P.
456 349 612 417 Ournrr
632 351 827 420 NAsonrs

199 462 329 529 525thue
345 464 409 515 sedet
422 469 490 518 vultu
502 467 575 520 falsus
584 471 740 524 Telamonius
751 479 830 533 iram,

277 541 351 606 Inque
362 545 438 594 oculis
450 546 541 597 facinus
553 551 652 600 barbara
661 567 737 604 mater
747 554 832 602 habet:

243 617 282 665 Sic
291 616 403 668 madidos
414 624 487 674 siccat
501 624 582 690 digitis
594 629 675 678 Venus
687 611 860 696 uda'capillose

275 697 308 753 Et
319 695 395 748 modi>
407 706 519 752 maternis
531 707 591 770 tedia
600 704 695 754 videtur
706 709 782 772 aquis.

242 775 310 825 Bella
320 777 406 825 sonunt
415 778 473 834 alli,
490 777 542 826 telis
555 779 664 828 instrueia
679 784 798 840 cruentiss

197 875 208 920 5
215 874 245 920 30
278 849 381 914 Parsque
392 852 426 897 tui
438 852 546 914 generis,
557 868 610 915 pars
622 867 662 902 tua
672 853 732 903 facia
745 869 844 904 canunt.

243 925 329 976 Invida
346 943 387 995 me·
396 929 472 992 spatio
487 928 579 978 Natura
590 935 696 980 coiirtuit
704 935 783 994 arcio,

277 1005 376 1070 ingenio
388 1009 447 1054 vires
457 1009 598 1072 exiguasque
609 1005 684 1059 dedit.

243 1082 277 1131 Et
294 1097 374 1132 tamen
384 1082 426 1133 ille
437 1098 483 1133 tua·
494 1085 551 1134 felix
562 1085 678 1137 AEnei'dos
692 1090 787 1149 audior,

277 1160 392 1212 Contulit
402 1165 427 1212 in
439 1163 526 1225 Tyrios
537 1180 604 1213 arma
612 1168 738 1232 virumque
750 1183 814 1216 totos
825 1185 833 1226 ;

197 1235 296 1301 535Nec
305 1237 392 1302 legitur
400 1254 452 1302 pars
463 1238 512 1288 ulla
522 1243 598 1304 magis
609 1238 638 1289 rle
649 1257 748 1306 corpore
758 1257 827 1302 toto,

194 1374 196 1379 Ι
277 1314 359 1375 Qulm
373 1333 423 1364 non
435 1317 544 1381 legitimo
556 1316 647 1368 foedere
656 1321 748 1386 juniius
759 1336 836 1370 antor.

244 1391 362 1456 Phyllidis
376 1396 416 1444 hic
427 1393 492 1446 idern
503 1429 512 1455 ,
530 1411 672 1464 tenerosque
682 1397 837 1462 Amaryllidis
852 1401 943 1466 ignes,

276 1472 395 1522 Bucolicis
411 1476 503 1539 juvenis
512 1473 661 1526 luseratante
671 1473 760 1526 modis.

244 1551 296 1601 Nos
310 1569 406 1619 quoque
421 1556 469 1617 jam
485 1551 579 1618 pridem
592 1555 679 1620 scripto
690 1556 839 1620 peccavimus
850 1570 908 1603 uno.

198 1659 208 1704 5
213 1658 245 1704 40
278 1629 426 1695 Supplicium
441 1634 529 1696 patitur
539 1648 590 1684 non
601 1648 664 1681 nova
674 1631 744 1698 culpa
754 1647 854 1681 novum.

244 1709 407 1776 carminaque
421 1709 561 1769 edideram,
573 1710 629 1760 crim
641 1727 663 1759 te
675 1709 759 1760 delilia
769 1725 895 1760 notantem

219 1823 222 1829 ·
277 1788 382 1837 Praeterii
393 1792 463 1838 toties
473 1793 524 1854 jure
535 1791 628 1855 quietus
639 1805 718 1854 eques.

244 1867 309 1931 Ergo
320 1901 328 1926 ,
346 1883 399 1934 quae
408 1871 490 1934 juveni
501 1871 560 1917 mihi
569 1883 622 1916 non
633 1870 741 1916 nocitura
751 1869 833 1932 putavi

278 1947 371 2009 Scripta
385 1962 468 2010 patum
479 1943 598 2010 prudens,
611 1961 675 1994 nunc
684 1960 786 1994 nocuere
799 1945 868 1992 senii

198 2023 300 2080 msera
310 2021 453 2091 redundabit
462 2027 547 2073 veteris
557 2022 660 2072 vineliila
668 2023 761 2083 libelli,

276 2100 390 2149 Distat&
403 2118 416 2149 a
431 2104 511 2151 meriti
524 2116 631 2166 tempore
643 2117 714 2165 poena
724 2103 768 2150 sui.

200 2184 203 2189 '
244 2178 282 2228 Ne
299 2194 379 2230 tamen
391 2197 463 2229 omne
473 2196 555 2229 meum
569 2175 650 2240 credas
660 2195 720 2244 opus
731 2175 777 2228 else
788 2173 930 2241 remissurn,

277 2261 342 2325 Saepe
355 2257 409 2308 dedi
418 2259 501 2308 nostrae
508 2256 606 2322 grandia
616 2257 671 2307 vela
683 2261 737 2307 rati.

243 2339 287 2387 Sex
298 2355 343 2403 ego
352 2338 472 2387 Fastorum
481 2338 562 2400 scripsi
570 2333 719 2401 totidemque
729 2335 824 2385 libellos
836 2352 843 2394 ς

199 2441 246 2489 550
279 2415 392 2482 Cumque
403 2418 445 2466 suo
460 2414 533 2464 linem
544 2415 625 2462 mense
637 2413 752 2464 volumen
763 2415 844 2466 habet.

245 2492 322 2560 ldque
331 2509 373 2543 tuo
380 2512 456 2560 nuper
463 2495 578 2558 scriptum
592 2493 634 2540 sub
643 2495 758 2552 nomine,
770 2490 849 2544 Cesar
857 2525 867 2552 ,

277 2573 308 2622 Et
320 2574 363 2622 tibi
377 2575 494 2622 sacratum
505 2573 554 2620 sors
570 2587 624 2623 mea
634 2574 697 2635 rupit
710 2585 778 2634 opus.

245 2652 275 2700 Et
291 2650 399 2701 dedimus
411 2654 504 2716 tragicis
514 2652 629 2713 scriptum
639 2648 718 2714 regale
727 2649 867 2706 cothurnis;

278 2729 384 2795 Quaeque
398 2732 475 2794 gravis
485 2726 556 2777 (lebet
565 2729 638 2776 verba
653 2728 782 2776 cothurnus
798 2727 878 2774 habet.

199 2805 361 2872 saturataque
379 2809 433 2855 sunt
446 2807 536 2866 nobis,
547 2807 657 2871 quamvis
665 2820 750 2854 manus
765 2804 850 2872 ultima
860 2819 944 2870 cupto

278 2884 364 2933 Defuit
375 2918 383 2938 ,
400 2887 426 2932 in
438 2883 509 2933 faties
519 2900 621 2948 corpora
631 2885 698 2934 versa
707 2898 790 2934 novas.

246 2962 323 3025 Atque
339 2965 431 3010 utinam
442 2977 539 3012 revoces
554 2965 662 3011 animum
674 2960 791 3026 paulisper
805 2961 835 3010 ab
850 2959 900 3010 irai

277 3038 309 3086 lit
318 3056 394 3090 saeuo
403 3039 484 3104 jubeas
491 3043 548 3092 hinc
556 3041 601 3090 tibi
612 3055 687 3106 pauca
697 3039 760 3104 legii
