2334 3917
275 422 340 485 170
415 397 458 464 P.
489 397 647 463 Orrnrr
670 397 865 465 NAsorrrs

300 518 405 581 Aspiciat
417 516 498 565 vuitus
510 517 611 567 Pontica
621 531 684 569 terre
694 534 770 566 meos.

220 608 248 659 ⁹5
264 593 294 643 Et
304 596 386 658 jubet,
399 597 423 643 bc
437 596 532 643 merui:
545 608 606 649 net.
623 609 675 659 quae
686 592 837 644 damuaverit
852 594 894 643 ille
907 628 916 654 ,

297 670 408 721 Crimina
418 668 516 721 defendi
528 670 594 721 fatue
600 674 698 736 piumve
708 686 779 736 puto.

264 748 289 797 Si
301 763 383 798 tamen
393 752 443 799 atita
457 749 522 798 Deos
533 764 666 816 numquam
675 750 790 799 mortalia
799 749 907 806 fallunt,

297 826 318 875 A
329 826 400 891 culpi
410 827 501 877 facinus
512 828 575 875 scitis
583 824 661 875 obeise
670 826 734 877 mei.

265 904 344 955 immo
355 908 403 955 ira:
418 920 461 954 vot
474 907 548 954 scirit.
558 907 582 953 Si
592 921 632 953 me
642 920 709 953 meus
719 904 815 954 abstulit
824 920 891 953 error
901 939 910 964 ,

218 991 265 1037 i00
299 982 423 1048 stultaque
436 998 502 1031 mens
512 983 602 1042 nobie,
620 997 670 1031 non
681 981 794 1031 scelerare
805 1017 813 1042 ‚
831 982 877 1031 fuir
888 999 900 1038 ·,

264 1062 404 1123 Quamlibet
415 1080 427 1111 e
439 1063 564 1119 minimis,
580 1058 693 1109 domuiti
708 1059 811 1109 ferimur
826 1060 886 1118 iili3

295 1142 319 1191 Si
334 1143 388 1189 satis
404 1139 501 1204 Augusti
514 1138 610 1203 publiea
620 1136 680 1202 juria
692 1140 753 1187 mibi
767 1154 775 1195 3
891 1202 894 1205 ἢ

262 1216 316 1267 Hoc
328 1216 396 1267 Duce
409 1252 417 1275 ‚
434 1220 453 1265 si
464 1214 513 1266 dixi
527 1215 607 1265 felicia
618 1214 711 1273 secu123
725 1232 818 1281 proque

251 1306 256 1315 '
294 1294 387 1345 Cesare
399 1310 451 1343 tura
464 1297 515 1358 pius
526 1292 708 1358 Caesaribusque
718 1290 793 1352 dedit

216 1375 285 1434 rossi
301 1372 348 1421 fuit
359 1375 398 1423 hie
409 1374 501 1421 animus
513 1374 597 1428 nobis,
609 1374 643 1419 ita
654 1373 744 1435 parcite
756 1406 764 1429 ‚
780 1371 848 1421 Diti.

294 1452 335 1501 Sin
352 1454 447 1504 ruinus,
465 1448 515 1498 alta
526 1446 613 1497 cadens
623 1449 710 1498 obruat
720 1447 783 1499 unde
793 1464 873 1515 caput.

94 1545 99 1555 ·
178 1574 181 1579 ,
261 1527 359 1578 Pallor?
372 1544 402 1577 an
417 1529 535 1591 incipiunt
547 1524 651 1591 gravide
660 1528 786 1576 vanescere
797 1530 893 1578 nubes!

293 1607 408 1672 vitiaque
421 1606 508 1654 murari
519 1603 636 1669 frangitur
646 1607 681 1652 ira
691 1606 780 1654 marie?

260 1684 319 1735 Non
329 1686 410 1738 casus,
424 1680 464 1733 sed
475 1698 517 1731 uos
528 1684 570 1731 sub
578 1679 718 1731 conditione
727 1685 825 1741 vocari,

215 1789 261 1823 110
293 1762 383 1813 fallere
394 1776 454 1829 quos
465 1760 577 1820 nonest,
594 1760 655 1809 bane
669 1761 730 1807 mibi
746 1759 814 1810 ferris
826 1778 909 1827 opem.

277 1880 958 1977 umwsssswnv

420 2048 808 2112 Ennolnrrr.
881 2003 901 2030 '¹

263 2140 344 2261 Cu
351 2226 372 2259 ru
384 2210 445 2259 subit
455 2208 662 2259 illiuetristissitne
676 2213 752 2259 notris
762 2212 861 2276 imago,

290 2288 349 2349 Quae
359 2291 420 2338 mihi
430 2291 565 2353 supremum
578 2303 670 2352 tempus
681 2291 707 2337 in
719 2287 784 2337 Urbe
796 2288 860 2347 fuit5

258 2368 324 2419 Cum
338 2382 419 2431 repeto
428 2368 537 2421 noiiem,
551 2365 600 2431 qui
611 2380 649 2414 tot
656 2367 717 2414 mibi
727 2382 781 2417 tara
792 2365 892 2431 reliqui,

290 2446 388 2495 Labitur
398 2460 425 2493 ex
434 2444 511 2493 oeulis
521 2459 584 2493 nunt
596 2459 693 2508 quoque
704 2459 771 2508 gutta
781 2447 850 2491 meis.

227 2536 237 2583 ς
258 2525 310 2573 Janr
324 2539 397 2587 prope
413 2520 454 2569 lux
465 2518 546 2570 aderat
558 2554 566 2579 ,
583 2521 631 2586 qui
641 2538 681 2569 me
691 2519 810 2571 discedere
820 2520 900 2573 Cesar

289 2602 386 2650 finibus
394 2614 504 2650 extreme
515 2595 611 2662 jufferat
622 2599 740 2648 Ausonia.

258 2677 309 2727 Nee
325 2694 408 2737 ment,
423 2692 467 2725 nee
478 2678 579 2740 spatium
591 2674 685 2727 fuerant
696 2678 749 2726 satis
757 2692 811 2743 apta
823 2683 930 2743 paranti:

289 2756 440 2819 Torpuerant
449 2752 524 2818 longi
533 2754 627 2817 pestora
638 2753 716 2802 nostra
726 2756 805 2805 mori.

257 2833 315 2883 Non
329 2835 389 2881 mihi
399 2833 519 2881 seruorum
529 2864 537 2889 ,
555 2831 652 2880 comitis
662 2847 712 2880 non
722 2848 779 2881 curn
788 2832 901 2899 legendi,

209 2925 239 2958 ro
289 2910 348 2960 Non
359 2923 419 2975 rptre
429 2906 534 2973 profugo
544 2907 612 2957 vestis
621 2910 705 2972 opisve
716 2908 771 2958 fuit.

256 2989 314 3040 Non
330 2988 398 3037 aliter
408 2986 502 3051 stupui,
514 2984 589 3051 quim
597 2989 639 3050 qui
648 2986 713 3037 lovis
723 2987 818 3051 ignibus
828 2991 887 3039 iiius

288 3066 372 3125 Vivirt
384 3067 409 3115 be
421 3064 453 3115 est
462 3065 517 3115 vitae
527 3063 619 3113 nescius
631 3064 745 3129 ipsosne.
