2334 3917
271 404 316 487 56
386 394 430 465 P.
461 396 618 463 Ournrr
652 397 848 463 Naroma

299 518 405 583 Binaqne
421 518 481 567 serta
497 518 559 577 ribi,
575 517 678 583 binaque
694 516 742 566 liba
753 513 843 566 ferubt.

218 598 313 651 645Ara
329 594 359 644 fit
369 612 376 643 a
386 598 433 644 huc
444 599 525 660 ignem
536 610 606 645 curto
614 595 662 645 fert
669 596 754 645 rustica
761 595 841 655 teiiu,

298 675 410 722 Sumtum
422 672 452 723 de
459 672 544 739 tepidis
554 676 604 740 ipsa
611 674 699 725 colona
709 674 779 723 iocis.

265 750 341 814 Ligna
349 752 418 799 senex
427 754 531 812 minuit,
544 755 685 818 concisaque
693 752 807 802 construit
818 749 883 811 aith

297 827 331 877 Et
342 826 420 878 solida
435 846 512 879 ramos
524 830 595 895 figere
604 846 694 896 pugnat
704 834 789 880 humo.

265 904 332 955 Dum
343 910 407 956 sicco
420 911 508 973 primas
518 911 596 958 irritat
606 912 695 959 cortice
709 908 834 963 flammas,

217 991 265 1047 ⁶50
300 987 353 1036 Stat
370 1002 441 1051 puer,
460 990 484 1037 δι
501 987 610 1037 manibus
622 987 670 1037 lata
683 988 782 1037 canistra
791 1001 864 1036 tenet.

265 1061 344 1123 Inde‚·
362 1064 403 1112 ubi
415 1077 450 1112 ter
464 1062 543 1129 fruges
555 1063 648 1114 medios
658 1067 761 1114 immisit
769 1068 795 1113 in
805 1068 890 1129 ignes,

299 1138 403 1204 Porrigit
415 1143 501 1190 incisos
512 1141 562 1191 iilia
571 1159 643 1207 parva
654 1142 730 1193 favos.

265 1216 329 1266 Vina
347 1232 429 1267 tenent
444 1218 485 1267 alii
497 1237 502 1267 :
515 1218 620 1270 libantur
630 1220 722 1284 singula
733 1217 846 1269 flammis.

299 1295 424 1361 Speiiant,
440 1300 465 1345 &
477 1297 563 1363 linguis
574 1296 676 1347 candida
686 1299 754 1347 turba
766 1297 855 1347 invent.

219 1369 387 1437 6553pargitur
399 1375 424 1421 δι
435 1372 494 1420 cesi
503 1374 640 1421 communis
652 1372 778 1421 Terminus
788 1371 850 1435 agni
862 1386 871 1418 t

297 1448 350 1497 Nee
371 1453 494 1515 queritur,
511 1450 598 1499 lactens
610 1466 666 1499 cum
678 1449 723 1497 sibi
734 1463 807 1514 porca
818 1446 897 1496 darur'.

266 1524 423 1575 Conveniunt
433 1560 442 1585 ,
461 1526 629 1593 celebrantque
639 1525 711 1592 dapes
721 1530 810 1576 vicinia
819 1525 937 1591 simplext

299 1602 331 1651 Et
348 1618 445 1653 cantant
460 1602 562 1665 laudes,
581 1605 696 1655 Termine
711 1606 805 1662 sande,
822 1619 881 1652 ruas.

266 1680 305 1729 Tu
322 1680 440 1747 populos,
461 1684 593 1749 urbesque,
606 1687 631 1732 δι
641 1699 713 1747 regna
723 1684 829 1747 ingentia
840 1678 893 1729 finis
906 1696 913 1729 a

219 1774 266 1816 ιω
301 1759 388 1809 Omnis
397 1764 441 1809 erit
451 1764 500 1809 sine
512 1774 535 1809 re
545 1760 663 1825 litigiosus
673 1776 737 1825 ager.

267 1839 342 1889 Nulla
352 1842 396 1889 tibi
410 1840 511 1889 ambitio
521 1840 553 1889 est
563 1858 569 1888 t
582 1838 657 1889 nullo·
663 1839 820 1903 corrumperis
831 1850 901 1884 auro.

299 1918 418 1983 Legitimi
431 1921 505 1967 servas
521 1916 611 1967 credita
621 1934 674 1966 rura
685 1914 742 1967 fide.

267 1998 290 2046 Si
303 2012 328 2045 tu
341 1994 451 2061 signasses
460 1995 519 2044 olim
535 1993 682 2057 Thyreatida
695 2010 800 2052 terrant,

300 2074 409 2140 Corpora
420 2090 470 2122 non
481 2073 530 2123 leto
539 2068 614 2137 ¹rniii'a
620 2087 725 2121 trecenta
735 2072 815 2121 forent
824 2086 833 2130 3

219 2152 319 2216 665Nec
337 2152 400 2202 foret
416 2149 551 2214 Othryades
561 2152 676 2218 congestis
688 2153 761 2200 tetius
771 2153 797 2199 in
807 2148 888 2199 anie.

300 2232 338 2280 O!
354 2246 470 2298 quantum
482 2234 563 2295 patriae
573 2232 691 2294 sanguinis
699 2229 741 2277 ille
751 2226 819 2277 dedit
829 2228 837 2276 i

267 2308 346 2371 Quid,
364 2326 427 2359 nova
443 2308 498 2357 crim
512 2306 596 2357 fierent
606 2308 751 2373 Capi-tolia?
768 2322 855 2369 nempe
869 2304 983 2353 Deorum
1020 2314 1025 2319 ·
1086 2357 1087 2368 ¹

299 2388 391 2439 Guntia
400 2388 454 2437 Jovi
465 2390 534 2436 cessit
547 2388 616 2437 turba
627 2421 635 2446 ‚
647 2386 777 2451 iocumque
787 2381 862 2433 dedit.

267 2467 414 2525 Terminus,
429 2481 456 2514 ut
465 2480 554 2515 veteres
568 2478 722 2521 memorant,
738 2475 868 2511 conventus
878 2461 904 2507 in
910 2456 964 2508 aede

218 2546 248 2598 ⁶7
250 2551 265 2581 ⁰
298 2545 392 2594 Restitit
402 2561 409 2593 a
419 2547 443 2592 δι
459 2558 548 2606 magno
559 2556 614 2589 cum
625 2541 684 2589 Jove
699 2537 789 2603 templa
806 2551 879 2586 tenet.

265 2623 337 2674 Nune
355 2637 469 2689 quoque,
482 2622 505 2667 se
517 2622 584 2683 supra
595 2635 624 2667 ne
635 2615 693 2684 quid
707 2620 751 2666 nisi
763 2614 840 2665 sidera
850 2628 948 2670 cernat,

297 2701 416 2765 Exiguum
427 2697 511 2763 templi
522 2699 581 2746 testa
592 2696 701 2745 foramen
711 2697 807 2743 habent.

265 2779 393 2833 Termine,
410 2779 461 2841 post
472 2776 533 2825 iliud
542 2776 624 2825 levitas
634 2776 679 2823 tibi
688 2763 881 2824 libera-noneste
951 2787 956 2795 ¹

298 2856 354 2919 Qui
371 2860 462 2921 positus
480 2854 551 2903 fueris
562 2856 589 2903 in
604 2853 721 2909 statione,
735 2865 816 2898 mane.

217 2936 317 2998 675Nec
329 2950 354 2985 tu
364 2936 445 2983 vicino
459 2930 592 2998 quidquam
601 2928 707 2979 concede
718 2929 831 2992 roganti,

300 3012 338 3063 Ne
354 3010 448 3061 videare
468 3013 593 3058 hominem
609 3004 758 3073 praposuiiie
773 3006 839 3053 Iovi.

267 3093 299 3147 Et
318 3094 358 3144 seu
370 3090 527 3151 vomeribus,
545 3090 587 3138 [ιιι
601 3102 627 3138 tn
640 3085 764 3153 pulsabere
779 3082 858 3135 rastris
866 3114 878 3143 ,
