2334 3917
175 493 177 500 A
281 416 350 480 274
373 353 945 466 P.0rrn.NAs.Tn1sr.zrr'.V.

312 514 342 562 Et
352 509 448 559 laudeni
455 512 561 575 probitas
569 513 728 576 irreprehensa
739 512 801 561 tulit.

278 591 322 653 Par
335 587 418 638 eadem
429 589 509 638 nostri
519 606 582 638 nunc
593 590 626 639 est
635 592 680 640 sibi
693 590 753 644 faria
762 591 840 640 ruini.

310 665 475 732 Conspienum
486 671 559 718 virtus
568 665 660 721 hic-tua
670 685 819 734 poneropus.

231 761 258 803 ις
279 740 809 811 Effebonamfaciieest‚ubi,quodvereteffe‚
819 747 992 804 remotumest;

310 821 342 872 Et
351 822 411 872 nihil
419 822 501 872 officio
510 837 584 888 nupta
591 821 754 889 quodobstet‚
766 824 847 873 habet.

280 900 349 951 Crim
358 901 423 950 Deus
438 905 543 951 intonuit
548 936 557 961 ,
569 919 619 951 non
631 903 654 950 se
666 900 794 951 subducere
807 901 910 960 nimbo,

313 977 342 1029 ld
356 977 453 1028 demum
465 983 553 1044 pietas,
566 977 593 1029 id
603 980 696 1029 socialis
706 997 784 1032 amor.

281 1057 342 1105 Rara
352 1055 450 1122 quidem
461 1059 552 1117 virtus,
564 1066 637 1124 quani
649 1073 699 1108 non
710 1059 728 1106 F
729 1072 815 1107 ortuna
826 1057 960 1121 gubernem

232 1154 267 1198 ,ο
315 1134 375 1194 Qut
385 1151 481 1186 maneat
490 1135 584 1194 stabili,
596 1151 651 1184 eum
662 1135 725 1200 fugit
736 1136 792 1193 illa,
807 1132 876 1198 pede.

280 1213 359 1276 Siqua
370 1226 450 1261 tamen
459 1215 529 1277 pretii
537 1213 581 1261 sibi
588 1228 678 1262 merces
689 1215 737 1277 ipsa
746 1215 829 1276 periti,

312 1289 388 1354 inque
397 1305 481 1354 parum
493 1290 552 1340 letis
563 1287 636 1338 ardua
647 1285 716 1338 rebus
726 1289 806 1348 adest3

279 1363 315 1414 Ut
326 1380 418 1431 tempus
429 1382 536 1415 numeres
545 1401 554 1425 ,
569 1382 611 1431 per
621 1365 699 1416 secula
709 1367 776 1416 nuile
786 1380 893 1426 tacetur,

312 1442 343 1492 Et
354 1443 407 1492 loca
417 1446 548 1505 mirantur,
559 1444 608 1510 qui
623 1460 689 1509 patet
699 1446 763 1494 orbis
773 1447 826 1494 iter.

232 1540 258 1585 35
280 1521 368 1585 Aspicis
380 1555 388 1581 ‚
398 1535 425 1570 ut
437 1519 512 1586 longo
519 1537 614 1571 maneat
625 1519 749 1570 laudabilis
759 1537 810 1571 aevo

313 1597 409 1648 Nomen
419 1600 599 1659 inexstineium‚
612 1599 744 1664 Penelopea
751 1597 826 1648 fides?

281 1674 365 1727 Cernis
377 1711 385 1738 ,
401 1693 427 1726 ur
435 1675 532 1726 Admeti
544 1692 667 1738 cantetur,
679 1693 706 1726 ut
718 1677 825 1727 Ηεᾶοπίς
837 1692 917 1736 uxor,

312 1754 419 1823 Ansaque
429 1757 569 1807 inaccensos
580 1756 658 1820 lphias
669 1758 702 1804 ire
709 1757 799 1820 rogos‘i

179 1870 182 1874 -
224 1868 235 1876 -
253 1866 256 1873 ι
279 1834 314 1882 Ut
323 1836 387 1885 vivat
398 1835 463 1885 fami
473 1839 561 1900 conjux
572 1834 716 1897 Phylaeii'a,
730 1837 796 1897 cujus

230 1940 263 1982 40
313 1911 409 1961 iliacam
420 1912 491 1960 celeri
498 1915 535 1963 vir
544 1910 605 1976 pede
612 1915 695 1977 pressit
704 1913 823 1960 humum?

280 1987 322 2036 Nil
334 2004 394 2053 opus
405 1989 436 2038 est
448 1990 497 2039 leto
508 2007 551 2054 pro
562 2007 620 2044 me,
637 1988 677 2038 sed
689 2005 770 2038 amore
783 1985 890 2053 fideque:

247 2067 253 2073 ’
310 2065 368 2115 Non
380 2083 408 2114 ex
423 2055 516 2116 difficili
524 2067 589 2116 fama
599 2063 751 2131 perendatibi
760 2065 800 2114 est.
871 2071 875 2080 ’

279 2140 330 2190 Nec
341 2155 364 2189 te
374 2139 516 2202 credideris,
529 2145 585 2207 quia
596 2157 646 2190 non
657 2141 715 2190 facis
724 2177 732 2202 ‚
742 2141 783 2190 ista
795 2142 897 2190 moneri.

291 2208 297 2215 ’
312 2217 371 2267 Veia
382 2216 465 2269 damus
476 2254 484 2278 ‚
497 2221 607 2284 quamvis
618 2222 706 2284 remige
718 2221 801 2284 puppis
811 2231 858 2265 eat.

227 2302 255 2343 45
278 2295 325 2356 Qui
340 2309 438 2351 monet,
450 2311 477 2346 ur
487 2296 570 2356 facias,
581 2294 650 2362 quod
660 2301 709 2362 jrrn
722 2296 794 2355 facis,
811 2294 852 2343 ilie
864 2291 991 2344 monendo

309 2371 402 2424 Laudat
413 2408 423 2436 ,
439 2378 464 2425 δι
475 2377 573 2425 hortatu
580 2375 722 2440 comprobat
732 2375 781 2423 ιᾶα
791 2374 843 2422 suo.

379 2619 534 2683 FINIS
584 2620 705 2684 TRIS
723 2619 876 2717 TIUM.
