2334 3917
314 414 594 486 ruisi-rura
619 409 718 478 irs.
745 405 788 477 V.
840 423 911 496 ²53

198 557 909 639 ss==ss==3wss==mv

293 757 298 765 ·
378 713 632 781 ELEGIA
672 711 730 774 11'.

197 803 350 938 Ecquis
360 883 369 929 ἓ
378 893 406 930 ur
415 880 514 930 ePonco
523 893 585 928 nova
595 878 662 926 venit
670 868 879 940 epistola,pallesi
941 863 946 870 ’

232 959 262 1007 Et
276 959 321 1007 tibi
331 958 427 1008 soliciti
438 956 588 1006 solvitutilia
596 956 684 1004 manu!

198 1034 264 1084 Pone
276 1051 384 1095 metum,
399 1036 469 1085 valeo
479 1054 486 1084 t
496 1050 629 1100 corpusque
640 1067 647 1092 ,
662 1028 729 1097 quod
740 1043 795 1080 ante
804 1027 917 1076 laborum

233 1113 361 1177 Impatiens
373 1115 440 1162 nobis
455 1111 637 1176 invalidumque
651 1110 713 1167 fuit,

185 1180 307 1250 ¹Sufficit,
319 1208 389 1257 atque
399 1194 450 1257 ipso
461 1207 572 1241 uexatum
581 1188 688 1238 induruit
699 1188 750 1235 usu.
934 1187 944 1235 5

232 1270 269 1316 An
280 1272 356 1333 magis
367 1268 463 1319 infirmo
474 1286 524 1318 non
533 1284 604 1318 vacat
614 1264 660 1315 effe
667 1267 744 1316 mihi?

199 1341 363 1396 Mens'camen
374 1364 435 1413 aegra
444 1353 521 1413 lacet,
534 1363 577 1395 nec
590 1361 697 1410 tempore
706 1344 792 1391 robora
803 1341 887 1389 sumsit
897 1353 905 1386 r

233 1422 529 1491 Affeiiusqueanimi‚qui
540 1425 662 1482 spirante,
677 1435 767 1470 manet.

201 1501 309 1567 Quaeque
319 1502 387 1550 mori
402 1505 524 1568 spatioque
534 1505 575 1550 suo
588 1506 681 1550 coitura
692 1499 773 1564 putavi

233 1580 339 1629 Vulnera
348 1613 356 1640 ,
366 1597 415 1629 non
426 1580 512 1641 aliter,
523 1579 598 1646 quam
610 1576 685 1627 modh
696 1576 775 1636 fasta,
787 1567 880 1626 dolent.
933 1586 964 1621 ιο

201 1657 298 1707 Scilicet
310 1662 399 1723 exiguis
410 1657 504 1723 prodest
518 1659 607 1706 annosa
618 1655 736 1714 vetustas3

235 1733 370 1784 Grandibus
381 1734 498 1785 accedunt
509 1750 618 1800 tempore
632 1733 720 1784 damna
730 1733 808 1782 malis.

199 1813 270 1862 Paeoe
287 1812 369 1863 decem
381 1817 440 1864 totis
451 1814 511 1864 aierit
520 1814 636 1862 Paeantius
648 1815 715 1861 annis

235 1890 374 1942 Pestiferum
385 1890 479 1942 tumido
489 1892 576 1941 vulnus
587 1892 616 1940 ab
628 1907 704 1955 angue
714 1887 807 1938 datum.

145 1985 152 1995 ²
202 1967 323 2035 Telephus
334 1970 422 2020 aterni
432 1973 570 2020 consumtus
581 1970 636 2018 tabe
648 1965 761 2034 periss'et,

235 2049 259 2096 si
271 2065 320 2096 non
331 2083 339 2109 ,
352 2063 403 2115 quae
415 2053 516 2107 nocuit,
532 2046 615 2097 dextra
622 2043 712 2096 tulisset
720 2061 801 2110 opem.

202 2124 234 2173 Et
246 2142 298 2173 mea
311 2158 318 2184 ‚
331 2129 349 2174 si
361 2125 452 2174 facinus
467 2126 562 2175 nullum
573 2128 756 2180 commisimus,
770 2139 830 2190 opto

236 2203 341 2252 Vulnera
353 2207 394 2270 qui
407 2203 481 2264 fecit,
494 2205 554 2256 farta
566 2205 643 2254 levare
656 2205 724 2253 velit·

203 2279 388 2346 Contentusque
399 2286 446 2330 mei
456 2286 505 2347 jam
518 2282 615 2332 tandem
624 2298 690 2347 parte
700 2282 802 2341 laboris,
894 2301 897 2308 ’
918 2298 923 2306 ·

236 2359 354 2423 Exiguum
368 2361 439 2425 pleno
452 2360 481 2410 de
492 2378 556 2410 mare
565 2360 646 2411 demat
655 2377 729 2426 aqua.

202 2434 321 2484 Detrahat
331 2449 357 2484 ut
367 2435 488 2496 multum,
507 2437 613 2485 multum
623 2436 718 2485 restabit
727 2433 819 2483 acerbis

236 2513 339 2578 Parsque
350 2529 408 2563 meae
420 2528 496 2579 poenae
508 2518 581 2564 totius
592 2514 662 2562 instar
673 2517 725 2562 erit.

202 2589 286 2640 Litora
296 2607 356 2656 quot
366 2596 469 2642 conchas
480 2629 488 2652 ‚
503 2608 563 2659 quot
574 2607 669 2641 amoena
680 2593 767 2640 rosaria
779 2589 865 2650 florea,

238 2667 334 2726 Quotve
345 2670 503 2734 soporiferum
515 2686 588 2734 grana
598 2685 698 2734 papaver
710 2670 794 2725 habet3

202 2745 268 2794 Silta
278 2745 338 2796 feras
349 2762 410 2814 quot
419 2747 465 2796 alit
475 2783 482 2807 ,
494 2762 555 2812 quot
565 2749 667 2812 piscibus
680 2743 860 2806 undanatatur,
922 2739 926 2744 ’

236 2822 305 2882 Quot
319 2840 426 2874 tenerum
438 2829 520 2890 pennis
532 2831 584 2875 a'e'ra
595 2825 670 2890 pulsat
683 2827 747 2883 avis3

203 2900 255 2950 Tot
267 2918 362 2966 premor
373 2901 476 2953 adversis
485 2922 491 2951 t
500 2918 553 2969 quae
562 2906 581 2952 si
592 2899 763 2967 comprendere
773 2915 859 2963 coner,

235 2980 316 3030 Icari:
324 2997 450 3030 numerum
462 2979 540 3030 dicere
550 2996 623 3030 coner
634 2995 708 3054 aqum.

202 3054 286 3122 thue
302 3062 347 3109 via
363 3061 444 3118 casus,
463 3075 579 3108 uramara
592 3057 695 3122 pericula
706 3051 789 3121 ponti,
810 3075 814 3083 ·

237 3134 272 3186 Ut
282 3151 373 3189 taceam
385 3137 472 3192 strieias
482 3140 508 3187 in
519 3153 572 3187 mea
582 3137 631 3186 fata
639 3151 736 3194 mauors
753 3161 757 3170 .
770 3163 773 3171 ·
