2334 3917
245 362 543 433 Ferrouirrr
566 358 668 430 ω.
694 359 750 430 ΙΙ.
822 379 869 451 47

180 485 212 537 Et
225 483 306 552 primi
320 482 379 532 felix
389 483 452 532 sorte
465 479 627 532 futuruaerat.

150 565 184 616 Ut
194 567 276 629 tetigit
286 562 349 612 fulvi
358 561 415 610 sctit
424 561 516 610 hirsuu
527 560 605 610 leonia
665 595 669 610 .

183 643 301 702 vellera,
318 642 466 706 pertimuit,
480 637 762 704 sustinuitquemanumr
874 645 921 693 ³⁴⁰

152 723 322 787 Attonitusque
333 733 401 768 metu
408 715 482 768 rediit
493 735 500 766 t
510 731 539 767 ur
547 718 608 782 sepe
619 719 698 768 viator

186 799 320 848 Turbatam
326 797 379 847 viso
387 795 481 846 rettulit
491 811 568 860 angue
578 793 675 860 pedem.

152 875 210 928 lude
219 877 266 925 tori
275 909 284 936 ,
293 877 335 941 qni
345 877 438 940 pondus
448 889 515 934 erat,
527 873 648 925 velamina
660 874 739 938 tangit

185 953 290 1014 Mollia,
301 950 414 1002 mendaci
423 950 591 1018 decipiturque
606 951 675 1002 noti.

128 1083 131 1089 ,
154 1029 283 1091 Ascendit,
300 1028 442 1097 spondique
453 1032 499 1079 ribi
511 1034 623 1096 propium
636 1030 773 1089 recumbitt

187 1111 219 1160 Et
232 1108 314 1176 rigido
324 1125 401 1159 cornu
411 1107 493 1158 durinc
500 1112 590 1174 inguen
599 1123 657 1159 erat.

154 1190 249 1240 Interea
260 1191 353 1239 tunicae
364 1186 408 1236 ori
418 1185 530 1236 subducit
539 1187 569 1236 ab
578 1188 644 1236 ima:

188 1267 325 1318 Horrebant
334 1263 413 1314 densis
425 1267 507 1331 aspera
517 1281 587 1314 crura
597 1265 661 1330 pilis.

155 1347 245 1400 Cetera
256 1358 392 1394 tentantem
408 1344 492 1394 cubito
502 1343 646 1406 Tirynthius
656 1345 728 1398 heroe

188 1424 321 1490 Reppulitt
334 1440 348 1472 e
359 1424 454 1472 summo
466 1419 558 1472 decidit
566 1421 609 1470 ille
622 1437 686 1473 toro.

154 1505 195 1556 Fut
204 1505 275 1552 sonus
286 1519 294 1550 t
305 1501 422 1551 inclamat
433 1502 547 1560 comites,
560 1504 585 1550 dc
597 1499 689 1552 lumina
700 1505 777 1568 poscit
869 1497 872 1502 ’

189 1582 302 1631 Μτοιιίε.
318 1579 395 1630 illatis
409 1579 525 1643 ignibus,
539 1581 592 1628 asta
601 1593 693 1644 patent.

154 1659 201 1709 ilie
215 1661 293 1724 gennit
303 1656 365 1706 ledo
376 1659 479 1722 graviter
487 1654 591 1723 dejestun
603 1658 633 1706 ab
643 1658 713 1719 alto,

189 1737 350 1804 Membraque
361 1733 391 1784 de
401 1732 461 1784 dura
475 1737 517 1787 vix
525 1737 567 1784 sua
576 1735 644 1786 tollit
654 1738 738 1787 humo.
825 1741 829 1750 ’

156 1813 231 1867 Ridet
245 1819 272 1865 bc
285 1811 402 1872 Alcides,
416 1815 442 1862 dt
453 1816 496 1880 qui
508 1811 591 1863 vidire
601 1817 739 1878 iacentem

190 1893 265 1944 Ridet
274 1907 409 1942 amatorem
423 1889 491 1954 Lyda
503 1891 585 1957 puella
599 1893 678 1942 suum.

157 1971 229 2022 Velie
240 1971 307 2021 Deue
317 1971 381 2019 lusus
392 1969 502 2019 fallenter
514 1970 608 2020 lumina
620 1971 693 2022 vester

190 2049 252 2100 Non
263 2064 347 2107 amat3
358 2052 383 2098 be
393 2045 472 2097 nudor
484 2047 515 2098 ad
524 2050 566 2100 sua
576 2050 640 2099 sacra
652 2062 732 2100 vocat.

157 2125 230 2179 Adde
240 2130 369 2192 peregrine
384 2127 479 2186 causas,
489 2142 544 2179 mea
559 2127 649 2187 Musa,
661 2128 786 2188 Latinam

191 2207 269 2272 Inque
282 2207 325 2254 suo
338 2203 417 2254 noster
426 2203 523 2269 pulvere
534 2219 613 2253 currat
623 2221 707 2272 equus.

157 2280 297 2348 cornipedi
306 2283 387 2331 Fauno
403 2281 464 2330 caesi
474 2279 505 2331 de
518 2297 587 2331 more
599 2283 708 2349 capella,

193 2361 271 2410 Venit
278 2357 309 2409 ad
319 2363 414 2426 exiguae
421 2360 584 2411 turbarocata
594 2359 676 2426 dapes.

158 2433 278 2503 Dumque
293 2437 426 2488 sacerdotes
436 2438 538 2487 verubur
552 2441 659 2490 transuta
669 2441 767 2510 salignis

191 2516 256 2565 Exta
267 2530 350 2580 parant
362 2551 371 2576 ,
387 2514 478 2566 mediae
489 2516 546 2566 Sole
557 2531 653 2570 tenente
664 2523 733 2582 riar3

159 2587 302 2650 Romame,
322 2594 456 2656 deitato,
474 2595 644 2663 pastoralisque
659 2603 789 2666 juventur,

192 2672 291 2723 Solibus
306 2676 332 2724 ἃ
342 2687 431 2738 campo
443 2689 545 2739 corpora
554 2673 620 2725 nuda
630 2675 735 2738 dobant3

161 2749 295 2812 Castibtar,
308 2755 334 2802 bt
344 2751 447 2817 jaculis,
460 2755 485 2801 bc
493 2755 560 2802 missi
570 2752 678 2818 pondere
685 2758 733 2806 saxi
743 2793 753 2820 ,

191 2830 296 2880 Brachia
307 2847 350 2896 per
360 2830 424 2880 lusus
432 2829 691 2896 experiendadabant3
739 2881 743 2886 ,

160 2905 244 2957 Pastor
257 2909 289 2957 ab
303 2907 396 2958 excelso
406 2927 414 2968 i
426 2909 470 2958 Per
480 2907 550 2960 devia
562 2925 616 2960 rura
625 2916 756 2977 jurentur,

193 2986 318 3047 Romule,
330 2985 470 3052 predones,
488 2991 570 3053 eripe,
584 2985 666 3052 dixit,
684 3007 766 3058 agunt.

160 3061 276 3132 longum
289 3068 451 3118 eratatmtri:
463 3065 562 3123 diremit
574 3070 624 3119 exit
634 3083 734 3138 uterque

341 3175 349 3222 i
