2334 3917
278 389 583 455 FAsronvn
608 385 708 451 ΜΒ.
736 384 803 453 IV.
856 388 900 472 89

213 508 255 559 Tu
276 511 339 559 mihi
353 511 521 573 propositum,
532 521 558 555 tu
568 507 628 555 mihi
640 507 732 570 semper
741 520 810 570 opus.

182 586 243 648 Quae
254 586 337 637 decuit
348 623 356 646 ‚
367 590 449 652 primis
460 590 510 635 sine
521 588 621 634 crimine
632 586 730 634 lusimus
740 587 823 642 annis3

214 664 288 714 Nunc
300 670 383 715 teritur
391 665 475 714 nostris
483 680 536 713 area
544 668 622 728 major
632 667 707 729 equit.
920 661 953 697 ¹⁰

181 743 306 807 Tempora
323 760 378 792 curn
393 746 489 797 causis,
506 742 638 791 Annalibus
648 756 713 789 eruta
724 742 822 805 priscis,

213 821 338 887 Lapsaque
357 820 398 870 sub
417 835 507 873 terras,
521 820 621 884 ortaque
631 822 714 882 signa,
729 835 798 869 cano.

178 894 300 947 Venimus
312 897 344 949 ad
358 913 489 964 quartum,
500 914 549 963 quo
562 912 587 947 tu
599 895 769 955 celeberrima,
780 897 895 949 mensem.

211 976 245 1025 Et
261 990 357 1034 vatem,
373 980 397 1026 er
410 978 517 1025 mensem
525 976 584 1030 seis,
599 975 696 1033 Venus,
717 970 764 1023 elle
775 987 838 1024 tuos.

177 1051 250 1103 Mota
268 1053 415 1115 Cytheriaed
425 1053 510 1103 leviter
518 1068 571 1101 mea
579 1068 688 1117 tempora
696 1068 777 1115 myrto
916 1056 943 1107 ¹5

210 1131 327 1197 Contigit
338 1151 344 1180 :
357 1136 398 1191 &‚
410 1130 527 1196 Coeptum
537 1129 640 1195 perfice,
650 1130 712 1180 dixit
723 1165 731 1191 ‚
743 1147 813 1197 opus.

177 1210 299 1259 Sensimus
311 1226 319 1267 3
336 1213 361 1258 &
373 1208 451 1259 subitd
462 1211 535 1258 rause
546 1222 643 1273 patuere
651 1205 754 1259 dietum.

210 1288 279 1338 Dum
290 1288 365 1343 lieet,
382 1290 509 1351 &spirant
523 1285 638 1347 flamina,
651 1289 717 1337 navis
731 1302 779 1336 eat.
832 1312 835 1316 ·

178 1366 203 1414 si
221 1382 270 1431 qua
288 1380 368 1415 tamen
380 1382 433 1431 para
442 1364 500 1415 tede
512 1366 582 1415 fallis
599 1380 695 1431 tangere
712 1363 796 1421 debet,

208 1440 291 1491 Caesar
303 1474 312 1499 ,
333 1444 358 1489 in
370 1440 462 1505 Aprili,
479 1458 528 1507 quo
539 1443 656 1500 tenearis,
667 1442 755 1489 .habes.'
911 1436 944 1472 ²⁰

175 1514 222 1567 Hic
238 1516 273 1568 ad
284 1532 307 1569 te
316 1518 404 1584 magni
416 1516 538 1569 descendit
548 1521 652 1584 imagine
663 1522 750 1569 mensis
757 1554 767 1581 ,

207 1596 240 1645 Et
256 1595 285 1647 fit
300 1594 414 1661 adoptivi
425 1596 552 1648 nobilitate
562 1612 625 1648 tuus.

174 1672 229 1723 Hoc
246 1688 313 1737 pater
323 1672 425 1733 iliades,
446 1673 502 1725 tum
519 1675 621 1741 longum
638 1675 750 1725 scriberet
764 1690 871 1733 annum,

174 1750 176 1755 ’
205 1748 295 1809 vidia
308 1756 332 1800 et
340 1755 445 1801 austeres
455 1752 538 1803 retulit
547 1756 596 1818 ipse
606 1757 669 1804 suos.

173 1824 256 1892 thue
271 1826 324 1877 fero
335 1828 409 1879 Marti
419 1831 522 1893 primam
532 1827 600 1879 dedit
609 1827 694 1879 ordine
703 1829 811 1889 sortem,
907 1837 936 1888 ²5

205 1903 280 1965 Quod
293 1906 337 1954 sibi
351 1908 456 1959 nascenti
467 1910 577 1973 proxima
588 1909 658 1959 eausa
673 1906 739 1965 fuit3

172 1984 210 2032 Sic
228 1984 347 2033 Venerem
365 1983 476 2049 gradibus
488 1986 571 2037 multis
584 1989 611 2035 in
625 2000 696 2053 gente
711 1999 830 2053 repertam

204 2062 308 2111 Alterius
319 2062 398 2112 voluit
405 2067 491 2113 mensis
502 2066 588 2115 habere
599 2065 691 2115 locum.

169 2138 365 2206 Principiumque
380 2143 416 2190 sui
428 2146 533 2206 generis,
550 2143 705 2211 revolutaque
715 2159 821 2210 querens

201 2218 302 2279 Secula,
325 2235 440 2283 cognatos
457 2224 523 2271 venit
534 2220 564 2271 ad
578 2238 653 2289 usque
666 2222 741 2271 Deos.
903 2229 934 2275 3⁰

168 2294 302 2345 Dardanon
323 2296 413 2347 Eleusa
428 2300 529 2350 nesciret
540 2297 662 2351 Atlantide
678 2316 771 2351 cretum

199 2375 316 2427 Scilicet?
333 2376 439 2425 Elettran
452 2375 605 2427 concubuiffe
616 2380 687 2429 lovi?

166 2449 244 2518 Hujus
260 2452 443 2503 Erichthonius:
453 2455 514 2505 Tros
526 2455 559 2505 est
569 2471 694 2521 generatus
707 2456 737 2505 ab
747 2455 809 2514 illut

196 2527 328 2595 dffaracon
341 2533 473 2591 creature,
488 2530 657 2600 dilatatusque
668 2534 764 2598 Capyn.
847 2586 851 2590 ,

163 2607 291 2661 Proximus
305 2609 420 2679 Anchisen
431 2644 440 2670 ,
452 2626 508 2661 cum
519 2627 568 2678 quo
580 2628 710 2660 commune
720 2613 823 2675 parentis
900 2618 927 2667 ³5

196 2686 255 2736 Non
273 2684 404 2751 dedignata
414 2686 446 2736 est
454 2704 544 2739 nomen
552 2692 639 2738 habere
648 2690 738 2737 Venus.

162 2762 226 2813 Hine
236 2766 300 2813 satus
311 2762 412 2825 Encas,
421 2766 494 2829 pietas
503 2766 603 2830 speciata
609 2783 650 2830 per
660 2768 741 2831 ignes,
754 2763 756 2766 ’

194 2845 283 2897 Sacra,
301 2856 440 2907 patremque
453 2845 575 2901 humeris,
589 2843 663 2893 altera
678 2846 760 2905 satta,
778 2844 845 2897 tulit.

162 2919 280 2968 Venimus
292 2916 322 2967 ad
333 2918 391 2969 felix
401 2919 531 2986 aliquando
541 2937 631 2971 nomen
646 2921 710 2982 1u1l3

194 2994 268 3045 Unde
279 2993 365 3046 domus
376 2997 481 3049 Teucros
494 2998 557 3049 Julia
566 3004 643 3064 tangit
653 3018 719 3052 avos.
893 3022 926 3067 40

162 3074 287 3129 Postumus
298 3077 373 3138 huic,
392 3078 451 3144 qni,
466 3074 533 3144 quod
547 3076 613 3129 silvis
620 3077 667 3130 fuit
677 3095 743 3132 ortus
752 3084 778 3134 in
787 3084 857 3148 altis,
