2334 3917
252 360 256 364 ’
296 361 671 442 ΕΜεΤρεκΡοΝτο
688 340 826 437 LJJJq
849 388 911 457 345

204 491 295 543 Durius
305 497 335 545 ab
346 510 455 544 armento
469 510 549 543 taurus
560 491 674 542 detrectat
685 506 805 553 aratrum,
940 503 971 557 ry

226 568 359 621 'sarnaio
370 576 394 621 &
407 570 467 620 duro
480 570 544 619 colla
554 569 650 618 novella
660 574 726 632 jugo·

205 646 276 704 Nor,
293 653 379 715 quibus
394 646 494 699 affuerit
509 648 587 698 farum
603 644 795 706 crudeliter-uti,

239 724 276 775 Ad
293 726 357 778 maia
372 730 420 791 §am
440 723 532 790 pridem
548 741 598 773 non
618 726 697 772 sumus
711 722 761 771 ulla
777 721 856 773 ruder.

207 803 323 853 Venimus
335 808 359 853 in
372 805 469 855 Geticos
481 802 554 861 finerr
569 804 704 851 moriamur
716 802 742 848 in
759 798 807 848 illis
819 834 827 859 ‚

240 883 358 948 Parcaque
376 880 406 931 ad
424 896 571 940 extremum,
590 879 638 946 qui
654 895 707 927 mea
722 880 813 941 coepit,
831 892 876 927 rar.
940 888 969 921 20

208 960 279 1023 Spem
291 964 356 1017 iuvet
366 959 492 1023 ampleoi.
502 974 555 1023 quae
567 973 617 1007 noo
627 962 694 1020 juvat
705 957 771 1005 irrita
782 956 888 1020 semper3

239 1029 271 1078 Et
282 1029 333 1079 fieri
344 1034 424 1094 cupias
435 1034 453 1078 si
465 1046 527 1095 qua,
540 1029 620 1079 futura
631 1044 707 1093 puter.

208 1106 332 1155 Proximus
343 1108 398 1155 huic
410 1104 494 1171 gradus
505 1106 538 1157 est
548 1140 555 1164 ‚
565 1109 625 1155 bene
636 1103 757 1170 desperare
766 1106 884 1167 salutem,

241 1186 316 1249 Seque
327 1184 399 1233 semel
409 1184 465 1249 veri
474 1187 533 1233 scire
543 1181 629 1249 periise
640 1181 696 1233 fide.

211 1260 326 1315 curando
346 1260 397 1311 fieri
414 1259 523 1327 quadam
539 1265 632 1326 majora
645 1259 755 1310 videmur
940 1272 968 1318 25

244 1339 365 1398 Vulnera,
383 1356 435 1404 quae
450 1340 534 1387 melius
548 1354 598 1387 non
613 1336 714 1403 tetigiss'e
729 1339 784 1390 fuit.

211 1416 296 1466 Miriris
306 1418 347 1466 ille
358 1420 437 1482 perir,
456 1416 533 1465 subiri
550 1419 593 1481 qui
607 1419 722 1481 mergitur
738 1415 819 1477 unda3
912 1460 915 1463 ,

245 1494 325 1554 Quim
337 1496 382 1557 ‘sua
401 1496 442 1560 qui
458 1492 557 1542 runridis
578 1493 673 1543 brachia
689 1492 758 1545 iass'ar
772 1498 848 1562 aquis.

212 1570 264 1621 Cur
275 1587 319 1635 ego
333 1575 432 1636 concepi
443 1573 559 1631 Scythicis
571 1587 610 1618 me
621 1567 687 1634 porse
698 1588 777 1622 carere

245 1649 358 1707 Finibus,
373 1653 396 1698 &
411 1649 472 1697 terrai
483 1650 629 1713 prosperiore
641 1647 705 1699 frui?
942 1671 972 1717 30

213 1726 265 1777 Cur
283 1724 374 1793 aliquid
391 1724 421 1775 de
437 1742 476 1775 me
493 1727 582 1790 speravi
597 1725 673 1774 lenius
688 1733 820 1791 umquam?

245 1806 282 1853 An
295 1806 402 1863 fortuna
420 1806 480 1852 mihi
497 1807 531 1853 ric
546 1820 600 1851 mea
618 1817 678 1851 nota
695 1802 761 1853 fuir?

215 1882 341 1945 Torqueor
362 1898 391 1929 en
411 1884 525 1945 gravius3
542 1883 689 1945 repetitaque
705 1881 784 1932 forma
799 1883 909 1935 locorum

222 2023 227 2032 ἱ
247 1958 362 2007 Exsilium
380 1973 478 2008 renovat
494 1958 574 2017 triste,
592 1974 717 2023 recensque
732 1959 798 2009 facit.

214 2035 254 2085 Est
270 2051 350 2085 tamen
366 2036 462 2095 utilius,
483 2034 585 2085 studium
605 2032 699 2085 ceffaffe
716 2054 844 2097 meorum,
944 2069 970 2117 35

248 2113 349 2174 Quim,
364 2130 422 2179 quas
438 2112 577 2171 adnuirinr,
591 2129 642 2162 non
656 2111 756 2164 valuiffe
771 2131 858 2179 preces.

110 2188 112 2193 '
197 2191 307 2254 .Magna
317 2189 416 2255 quidem
431 2208 466 2240 res
484 2192 529 2250 est,
551 2207 624 2256 quam
641 2206 692 2240 non
710 2190 816 2247 audetis,
827 2195 898 2242 amici
917 2213 923 2240 z

248 2266 294 2315 Sed
311 2272 330 2315 si
350 2272 402 2331 quis
417 2284 522 2333 peteret,
539 2272 580 2333 qui
592 2267 647 2317 dare
656 2268 747 2329 vellet,
766 2284 825 2317 erat.

216 2341 358 2393 Dummodo
376 2358 425 2391 non
441 2347 509 2393 vobis
527 2347 573 2393 hoc
591 2344 692 2393 Caesarir
706 2349 742 2395 ira
757 2346 872 2411 negarit,
892 2387 895 2392 .
966 2410 969 2414 ἵ

249 2419 351 2499 §attinet
367 2420 462 2469 Euxinis
481 2424 647 2471 immoriemur
659 2424 735 2487 aquir.
943 2447 975 2492 40

465 2692 675 2870 ur<
