2334 3917
200 470 202 479 ·
274 435 416 501 EPJsT.
443 439 500 529 Eis
522 431 674 500 PONTO
701 434 740 501 L.
768 435 799 502 I.
842 457 913 523 279

234 552 348 621 Cumque
365 551 500 618 incusato,
516 566 600 618 quarta
611 551 696 618 fatigat
706 553 790 614 hiems.
876 555 880 568 '

201 631 259 680 Fine
277 647 358 680 carent
371 631 496 693 lacrymae,
514 633 559 679 nisi
575 629 631 680 etim
646 630 725 696 stupor
740 631 831 681 obstitit
846 631 912 680 iliist
990 640 993 646 ’

234 710 265 758 Et
276 710 360 759 similis
371 712 445 759 morti
459 711 553 774 pedora
564 723 647 774 torpor
660 710 740 758 habet.
932 707 964 752 ἃ·

201 785 306 834 Felicem
317 786 414 835 Nioben
425 786 432 834 i
445 789 553 852 quamvis
563 800 601 835 tot
611 785 693 835 funera
703 784 765 836 vidit
776 820 785 846 ,

236 863 294 923 Quae
312 865 392 929 posuit
409 865 519 923 sensum,
534 865 601 912 saxea
613 863 691 918 fana,
711 861 779 912 mali.

202 940 253 988 Vos
265 957 360 1007 quoque
375 940 472 990 felices!
491 957 591 1007 quatum
602 939 730 990 clamantia
741 940 839 990 stateem

235 1017 333 1068 Cortice
343 1018 434 1069 velavit
445 1018 547 1084 populus
558 1036 599 1068 ora
610 1034 684 1067 novo.

202 1094 246 1142 ille
258 1111 303 1159 ego
317 1098 387 1155 sum,
405 1096 497 1161 iignum
510 1099 613 1161 quinon
629 1093 742 1144 admittar
753 1094 778 1142 in
788 1093 880 1142 ullum:
933 1104 959 1149 Η

235 1172 278 1219 sile
297 1190 340 1237 ego
356 1175 428 1232 sum,
447 1172 530 1221 frustra
541 1176 582 1239 qui
598 1173 656 1238 lapis
673 1168 719 1220 effe
733 1170 816 1220 velint.

202 1250 254 1314 Ipsa
274 1247 373 1298 Medusa
383 1251 461 1299 oculis
471 1253 551 1299 veniat
559 1250 615 1298 licet
626 1251 697 1300 obvia
706 1247 806 1308 nostris,

236 1328 338 1376 Amittat
355 1330 415 1376 vires
428 1330 478 1391 ipsa
497 1325 597 1376 Medusa
612 1328 672 1375 suas.

202 1403 313 1451 Vivimus
327 1439 334 1460 ,
349 1418 375 1453 ut
391 1405 457 1452 sensu
468 1419 600 1468 numquam
612 1417 732 1452 careamus
747 1415 848 1449 amaro:

235 1481 266 1529 Et
279 1483 373 1545 gravior
387 1480 461 1545 longi
476 1479 504 1528 fit
517 1497 570 1529 mea
582 1485 655 1544 poena'
663 1479 742 1529 moti·
931 1488 966 1532 40

201 1558 240 1605 Sic
258 1559 436 1606 inconsummm
450 1558 518 1620 Tityi
535 1559 672 1622 semperque
687 1558 810 1606 renascens

235 1634 290 1684 Non
309 1640 391 1701 petit,
409 1651 437 1686 ut
451 1639 525 1702 possit
541 1637 601 1701 saepe
613 1639 706 1700 petire,
725 1640 799 1700 jecur.

148 1755 152 1762 .
202 1715 235 1762 At
251 1730 310 1779 puto
322 1751 330 1775 ,
352 1715 408 1765 crim
419 1718 529 1782 requies,
545 1713 711 1781 medicinaque
722 1715 818 1780 publica
828 1727 890 1762 cura

236 1794 337 1843 Somnus
348 1792 428 1853 adest,
444 1794 520 1843 solitis
531 1810 579 1843 nox
589 1796 655 1843 venit
665 1795 724 1842 orba
732 1791 810 1840 malis.

203 1871 301 1919 Somnia
317 1888 356 1920 me
371 1887 460 1920 terrent
467 1887 536 1920 veros
545 1873 665 1919 imitantia
675 1872 740 1918 casus
752 1887 758 1916 ε
930 1875 960 1922 4ς

235 1949 266 1997 Et
279 1948 381 2014 vigilant
388 1950 469 1997 sensus
484 1951 510 1997 in
520 1964 574 1996 mea
585 1945 672 1996 damna
683 1947 739 1994 mei.

202 2025 250 2074 Aut
267 2041 311 2090 ego
329 2027 470 2075 Sarmaticas
487 2022 571 2074 videor
587 2027 661 2074 vitare
677 2025 784 2088 sagittare

235 2103 283 2150 Aut
296 2100 352 2152 date
362 2106 467 2167 captivas
478 2100 508 2151 ad
519 2101 569 2152 sera
579 2101 659 2152 vincla
671 2118 763 2150 manua.

202 2181 251 2229 Aut
264 2214 272 2238 ‚
294 2182 336 2228 ubi
348 2179 454 2245 decipior
467 2180 573 2229 meliotis
582 2182 686 2245 imagine
697 2181 788 2238 somni,

236 2259 331 2322 Aspicio
342 2261 422 2322 patriae
433 2260 492 2345 teqa
502 2257 582 2306 retina
594 2274 661 2307 meae.
933 2266 964 2311 5⁰

203 2337 234 2385 Et
250 2334 326 2385 modb
336 2337 477 2390 vobiscum,
492 2351 552 2401 quos
563 2337 616 2383 sum
626 2348 764 2392 veneratas,
775 2331 847 2382 amici
859 2365 867 2392 ,

235 2413 267 2464 Et
284 2411 360 2463 modb
371 2411 426 2462 crim
437 2411 491 2460 cari
499 2413 616 2476 conlugess
628 2413 704 2460 muita
715 2411 811 2476 loquor.

202 2491 240 2539 sic
253 2527 261 2549 ,
280 2492 320 2540 ubi
330 2506 440 2556 percepta
451 2491 483 2538 esi
498 2492 575 2540 brevis
586 2493 611 2538 bt
629 2505 677 2539 nou
687 2505 743 2539 veta
753 2488 864 2555 voluptas
874 2524 883 2550 ,

236 2569 305 2633 Pejor
322 2569 352 2616 ab
363 2566 488 2617 admonitu
500 2565 527 2616 fit
538 2567 609 2623 status
618 2565 658 2616 iste
671 2568 737 2616 boni.

202 2647 255 2694 Sive
270 2643 319 2694 dits
332 2648 406 2710 igitur
418 2659 488 2710 caput
501 2647 547 2694 hoc
558 2644 691 2693 miserabile
701 2645 794 2706 cernit,
935 2667 961 2715 55

235 2725 289 2772 Sive
299 2727 406 2789 pruinosi
419 2723 502 2772 Nodis
515 2737 617 2788 aguntur
631 2725 686 2788 equi
697 2741 703 2770 t

202 2802 240 2848 Sic
256 2817 309 2849 mea
326 2804 443 2866 perpetuis
454 2799 581 2866 liquefiunt
591 2803 685 2865 pedora
697 2803 776 2863 curis,

237 2878 333 2943 ignibus
341 2877 445 2928 admotis
456 2892 483 2927 ut
494 2894 556 2929 nova
570 2895 624 2929 cera
636 2878 705 2928 solet.

203 2955 268 3018 Sope
275 2972 360 3021 precor
371 2970 587 3023 motttm‚quoque
600 2953 909 3022 mottenrdtpretoridem3

237 3033 273 3082 Ne
286 3051 340 3082 mea
349 3037 506 3084 Satmaticunt
517 3049 630 3100 contegat
640 3031 689 3083 offa
700 3033 787 3082 solum.
934 3040 966 3080 oo

204 3109 270 3161 cum
281 3111 362 3173 subit,
381 3113 479 3178 Augusti
497 3127 549 3178 quae
559 3114 590 3160 tit
606 3112 749 3171 clementia,
764 3107 836 3160 credo
