2334 3917
303 386 352 452 74
422 360 467 430 P.
504 360 659 431 Ovrnrr
686 366 916 443 NAsoursfl

303 483 355 531 Jam
371 480 569 545 dederatsaliis,
581 500 596 533 a
606 485 778 537 saltunomiua
787 486 900 545 dicunt,
999 508 1001 510 ’

337 564 457 626 Armaque
469 596 477 621 ,
489 565 514 610 δε
526 560 556 612 ad
568 567 727 615 ceruosverba
736 565 843 617 emenda
853 566 952 618 modos.

300 632 364 685 Tum
374 640 409 687 sic
426 638 580 698 Mamurius,
597 641 691 690 Merces
705 644 765 693 milri
777 639 856 708 gloria
865 643 952 708 detur,

255 738 302 783 390
335 714 490 783 Nominaque
504 734 611 769 extremo
621 724 727 771 carmine
737 724 816 773 nostra
825 725 922 775 sonent·

300 790 361 843 lude
379 794 512 845 sacerdotes
528 800 596 861 operi
612 796 728 862 promilsa
741 799 835 849 vetusto

333 872 433 923 Praemia
444 874 599 939 persolvunt,
614 877 811 943 Mamuriumque
821 892 920 928 vocant.

299 948 397 1001 Nubere
408 956 475 1018 siqua
491 952 577 1012 voles,
594 958 703 1019 quamvis
721 957 877 1021 properabitis
889 958 980 1015 ambo,

334 1028 412 1079 Differ
424 1049 430 1079 s
441 1031 532 1081 habent
549 1048 628 1096 parvae
640 1032 872 1098 commodfmagna
882 1051 965 1086 more.

253 1109 372 1172 595drma
385 1125 484 1158 movent
498 1126 602 1174 pugnarn
612 1144 620 1169 ,
632 1127 712 1175 pugna
722 1112 756 1161 est
762 1112 841 1163 aliena
850 1114 953 1182 matins„

325 1184 433 1237 Condita
451 1186 630 1247 criminetur,
645 1192 722 1253 aptius
737 1204 812 1238 omen
821 1192 876 1240 erit.

298 1262 342 1312 His
363 1266 436 1311 etiam
446 1267 534 1329 conjux
549 1266 636 1329 apicati
647 1268 724 1320 cincla
739 1266 817 1315 Dialis

330 1342 434 1391 Lucibus
449 1346 554 1407 impexae
568 1340 641 1392 debet
651 1345 737 1394 habere
749 1361 839 1394 comas.

298 1420 420 1469 TERTIA
435 1436 484 1469 nox
498 1422 588 1470 emersa
605 1423 659 1469 suos
678 1423 719 1470 ubi
732 1426 837 1473 moverit
848 1426 934 1490 ignes3

246 1510 299 1553 400
328 1498 450 1550 Conditus
464 1516 477 1547 e
489 1501 591 1563 geminis
600 1499 706 1547 Piscibus
717 1499 777 1548 alter
787 1504 841 1551 erit.

297 1580 362 1629 Nam
370 1576 418 1627 duo
429 1579 484 1626 sunt
494 1594 500 1625 s
512 1577 600 1625 Austris
609 1578 648 1625 hic
660 1577 706 1637 est,
718 1577 877 1643 Aquilonibus
885 1578 928 1628 ille

259 1663 261 1667 ’
324 1659 448 1706 Proximus
460 1690 467 1715 ‚
484 1671 498 1704 a
516 1669 591 1705 vento
600 1670 690 1703 nomen
701 1669 799 1721 uterque
808 1671 883 1706 tenet.

298 1737 375 1789 CUM
393 1736 482 1785 croceis
493 1750 572 1782 rorare
583 1736 651 1797 genis
660 1734 777 1783 Tithonia
787 1737 875 1799 coniux

330 1817 460 1881 Corperit,
477 1817 502 1863 &
518 1815 608 1878 quintae
618 1826 726 1876 tempora
740 1811 799 1860 lucis
811 1828 882 1876 ψη

249 1900 350 1956 405Sive
363 1896 395 1945 est
406 1890 581 1957 Ariiophylax‚
599 1893 649 1941 sive
661 1890 695 1940 est
708 1893 774 1955 piger
785 1889 828 1938 ille
837 1890 944 1952 Bootes,
996 1934 1000 1942 .

333 1974 473 2039 Mergetur,
489 1971 551 2018 visus
570 1966 715 2035 effugietque
730 1982 792 2017 tuos.
859 1977 863 1983 ·

297 2055 329 2105 At
346 2068 395 2102 non
412 2048 511 2113 effugiet
524 2044 688 2096 vindemitor.
704 2046 758 2122 Hoq
768 2062 866 2112 quoque
877 2049 975 2098 caulam

329 2128 401 2179 Unde
418 2129 495 2177 trahat
508 2124 572 2176 sidus
583 2160 592 2187 ,
604 2142 675 2191 parva
689 2124 776 2175 referre
787 2142 856 2175 mora
871 2126 912 2174 est.

298 2207 416 2274 Ampelon
426 2206 549 2254 intonsum
564 2204 649 2266 Satyro
663 2202 825 2269 Nymphlque
840 2219 947 2259 creatum
986 2249 989 2253 Α

248 2315 296 2357 4¹0
330 2290 412 2337 Fertur
429 2288 448 2333 is
461 2284 563 2332 Ismariis
578 2282 684 2331 Bacchus
695 2279 782 2331 amaffe
793 2283 868 2347 iugis.

297 2364 409 2418 Tradidit
426 2366 482 2413 huic
491 2366 566 2413 vitem
578 2358 721 2426 pendentem
738 2358 863 2409 frondibus
871 2360 951 2418 ulmis
991 2403 996 2411 .

222 2464 224 2471 ·
302 2440 304 2445 ’
331 2446 390 2505 Quae
406 2457 469 2492 nunc
482 2438 511 2489 de
522 2442 589 2504 pueri
599 2442 698 2487 nornine
709 2439 886 2487 nomeuhalset.

296 2518 363 2568 Dum
374 2516 433 2580 legit
442 2516 467 2561 in
478 2528 545 2563 ramo
556 2514 627 2576 pistas
642 2515 780 2560 temerarius
795 2528 869 2572 uvas,
897 2549 901 2553 .
916 2564 920 2569 ,

238 2612 240 2617 ’
329 2592 443 2645 Decidit:
457 2586 567 2641 amissum
576 2590 648 2638 liber
657 2590 836 2640 inastnvehit.

297 2672 420 2725 SEXTUS
437 2671 478 2733 ubi
489 2670 587 2719 Oceano
595 2666 712 2717 clivosum
722 2667 816 2717 scandit
824 2668 962 2734 Olympum

331 2740 449 2809 thbus,
468 2753 494 2797 δε
511 2746 579 2795 alatis
590 2748 677 2794 aethera
685 2748 762 2809 carpit
768 2750 855 2812 equis3

297 2832 409 2896 Quisquis
427 2824 483 2877 ades
495 2858 503 2883 ,
516 2838 628 2888 canaeque
646 2822 705 2872 colis
714 2823 845 2887 penetralia
856 2822 950 2883 νεὼς
983 2862 994 2880 ›.

328 2908 428 2958 Cratera
445 2902 523 2951 Iliacis
534 2916 635 2966 ruraque
649 2918 712 2965 pone
727 2900 798 2949 focis.

269 3028 270 3031 η
296 2988 394 3039 Caesaris
405 2981 553 3038 innumeris,
566 2995 639 3044 quem
650 2977 737 3027 maluit
746 2978 789 3027 ille
798 2981 902 3049 mereti,

246 3094 294 3137 4²0
328 3065 432 3114 Accessit
448 3056 524 3133 ritulis
537 3054 781 3107 Pontificalishonos.

247 2710 292 2753 415

1075 1237 1094 1288 'd

1090 2179 1094 2268 l
