<?xml version="1.0" encoding="UTF-8"?>
<!DOCTYPE html PUBLIC "-//W3C//DTD XHTML 1.0 Transitional//EN"
    "http://www.w3.org/TR/xhtml1/DTD/xhtml1-transitional.dtd">
<html xmlns="http://www.w3.org/1999/xhtml" xml:lang="en" lang="en">
 <head>
  <title>
</title>
<meta http-equiv="Content-Type" content="text/html;charset=utf-8" />
  <meta name='ocr-system' content='tesseract 3.04.00' />
  <meta name='ocr-capabilities' content='ocr_page ocr_carea ocr_par ocr_line ocrx_word'/>
</head>
<body>
  <div class='ocr_page' id='page_1' title='image "./povidiinasoniso05ovidgoog_0281.png"; bbox 0 0 2334 3917; ppageno 0'>
   <div class='ocr_carea' id='block_1_1' title="bbox 218 379 907 473">
    <p class='ocr_par' dir='ltr' id='par_1_1' title="bbox 218 379 907 473">
     <span class='ocr_line' id='line_1_1' title="bbox 218 379 907 473; baseline -0.009 -20"><span class='ocrx_word' id='word_1_1' title='bbox 218 406 221 410; x_wconf 90' lang='lat'>·</span> <span class='ocrx_word' id='word_1_2' title='bbox 318 379 789 452; x_wconf 49' lang='lat' dir='ltr'>Tmen-inienio]</span> <span class='ocrx_word' id='word_1_3' title='bbox 844 405 907 473; x_wconf 86' lang='lat'>271</span> 
     </span>
    </p>
   </div>
   <div class='ocr_carea' id='block_1_2' title="bbox 198 497 958 957">
    <p class='ocr_par' dir='ltr' id='par_1_2' title="bbox 198 497 791 643">
     <span class='ocr_line' id='line_1_2' title="bbox 198 497 791 568; baseline 0 -18"><span class='ocrx_word' id='word_1_4' title='bbox 198 497 322 552; x_wconf 84' lang='lat' dir='ltr'>Contudit</span> <span class='ocrx_word' id='word_1_5' title='bbox 332 505 455 568; x_wconf 78' lang='lat' dir='ltr'>ingenium</span> <span class='ocrx_word' id='word_1_6' title='bbox 461 501 656 568; x_wconf 75' lang='lat' dir='ltr'>patientialonga</span> <span class='ocrx_word' id='word_1_7' title='bbox 666 500 791 552; x_wconf 79' lang='lat' dir='ltr'>laborume</span> 
     </span>
     <span class='ocr_line' id='line_1_3' title="bbox 230 577 709 643; baseline 0 -18"><span class='ocrx_word' id='word_1_8' title='bbox 230 577 262 627; x_wconf 88' lang='lat' dir='ltr'>Et</span> <span class='ocrx_word' id='word_1_9' title='bbox 276 594 329 643; x_wconf 83' lang='lat' dir='ltr'>pars</span> <span class='ocrx_word' id='word_1_10' title='bbox 340 581 432 643; x_wconf 87' lang='lat' dir='ltr'>antiqui</span> <span class='ocrx_word' id='word_1_11' title='bbox 442 593 529 642; x_wconf 80' lang='lat' dir='ltr'>magna</span> <span class='ocrx_word' id='word_1_12' title='bbox 539 581 628 643; x_wconf 78' lang='lat' dir='ltr'>vigoris</span> <span class='ocrx_word' id='word_1_13' title='bbox 637 577 709 626; x_wconf 81' lang='lat' dir='ltr'>abest.</span> 
     </span>
    </p>

    <p class='ocr_par' dir='ltr' id='par_1_3' title="bbox 198 653 910 800">
     <span class='ocr_line' id='line_1_4' title="bbox 198 653 910 721; baseline -0.004 -18"><span class='ocrx_word' id='word_1_14' title='bbox 198 654 263 718; x_wconf 75' lang='lat' dir='ltr'>Saepe</span> <span class='ocrx_word' id='word_1_15' title='bbox 274 669 354 705; x_wconf 85' lang='lat' dir='ltr'>tamen</span> <span class='ocrx_word' id='word_1_16' title='bbox 364 657 445 716; x_wconf 83' lang='lat' dir='ltr'>nobis,</span> <span class='ocrx_word' id='word_1_17' title='bbox 453 671 480 706; x_wconf 90' lang='lat' dir='ltr'>ut</span> <span class='ocrx_word' id='word_1_18' title='bbox 489 671 656 721; x_wconf 83' lang='lat' dir='ltr'>nuncquoque</span> <span class='ocrx_word' id='word_1_19' title='bbox 665 690 674 716; x_wconf 93' lang='lat'>,</span> <span class='ocrx_word' id='word_1_20' title='bbox 683 657 760 706; x_wconf 78' lang='lat' dir='ltr'>sumta</span> <span class='ocrx_word' id='word_1_21' title='bbox 767 653 854 704; x_wconf 84' lang='lat' dir='ltr'>tabella</span> <span class='ocrx_word' id='word_1_22' title='bbox 866 657 910 709; x_wconf 59' lang='lat' dir='ltr'>eiu</span> 
     </span>
     <span class='ocr_line' id='line_1_5' title="bbox 230 731 727 800; baseline 0.004 -20"><span class='ocrx_word' id='word_1_23' title='bbox 230 733 306 798; x_wconf 87' lang='lat' dir='ltr'>Inque</span> <span class='ocrx_word' id='word_1_24' title='bbox 317 737 370 784; x_wconf 78' lang='lat' dir='ltr'>suos</span> <span class='ocrx_word' id='word_1_25' title='bbox 379 735 447 785; x_wconf 89' lang='lat' dir='ltr'>volni</span> <span class='ocrx_word' id='word_1_26' title='bbox 458 751 543 800; x_wconf 74' lang='lat' dir='ltr'>cogere</span> <span class='ocrx_word' id='word_1_27' title='bbox 554 735 628 786; x_wconf 75' lang='lat' dir='ltr'>verba</span> <span class='ocrx_word' id='word_1_28' title='bbox 638 731 727 800; x_wconf 79' lang='lat' dir='ltr'>pedet:</span> 
     </span>
    </p>

    <p class='ocr_par' dir='ltr' id='par_1_4' title="bbox 198 807 958 957">
     <span class='ocr_line' id='line_1_6' title="bbox 198 807 958 879; baseline -0.005 -19"><span class='ocrx_word' id='word_1_29' title='bbox 198 807 314 861; x_wconf 81' lang='lat' dir='ltr'>Carmina</span> <span class='ocrx_word' id='word_1_30' title='bbox 325 815 411 879; x_wconf 78' lang='lat' dir='ltr'>scripta</span> <span class='ocrx_word' id='word_1_31' title='bbox 425 814 486 862; x_wconf 82' lang='lat' dir='ltr'>mini</span> <span class='ocrx_word' id='word_1_32' title='bbox 496 815 551 864; x_wconf 88' lang='lat' dir='ltr'>sunt</span> <span class='ocrx_word' id='word_1_33' title='bbox 563 812 645 872; x_wconf 82' lang='lat' dir='ltr'>nulla,</span> <span class='ocrx_word' id='word_1_34' title='bbox 665 826 706 860; x_wconf 81' lang='lat' dir='ltr'>aut</span> <span class='ocrx_word' id='word_1_35' title='bbox 715 810 795 877; x_wconf 85' lang='lat' dir='ltr'>qualia</span> <span class='ocrx_word' id='word_1_36' title='bbox 806 815 875 859; x_wconf 79' lang='lat' dir='ltr'>cerui·</span> <span class='ocrx_word' id='word_1_37' title='bbox 887 843 894 868; x_wconf 78' lang='grc'>,</span> <span class='ocrx_word' id='word_1_38' title='bbox 931 818 958 863; x_wconf 86' lang='lat'>35</span> 
     </span>
     <span class='ocr_line' id='line_1_7' title="bbox 226 887 747 957; baseline -0.006 -16"><span class='ocrx_word' id='word_1_39' title='bbox 226 887 306 954; x_wconf 78' lang='lat' dir='ltr'>Digna</span> <span class='ocrx_word' id='word_1_40' title='bbox 316 893 351 940; x_wconf 89' lang='lat' dir='ltr'>sui</span> <span class='ocrx_word' id='word_1_41' title='bbox 362 890 456 942; x_wconf 89' lang='lat' dir='ltr'>domini</span> <span class='ocrx_word' id='word_1_42' title='bbox 467 908 593 957; x_wconf 83' lang='lat' dir='ltr'>tempore,</span> <span class='ocrx_word' id='word_1_43' title='bbox 603 887 676 956; x_wconf 82' lang='lat' dir='ltr'>digna</span> <span class='ocrx_word' id='word_1_44' title='bbox 683 889 747 939; x_wconf 89' lang='lat' dir='ltr'>loco.</span> 
     </span>
    </p>
   </div>
   <div class='ocr_carea' id='block_1_3' title="bbox 104 961 783 1034">
    <p class='ocr_par' dir='ltr' id='par_1_5' title="bbox 104 961 783 1034">
     <span class='ocr_line' id='line_1_8' title="bbox 104 961 783 1034; baseline 0 -20"><span class='ocrx_word' id='word_1_45' title='bbox 104 961 108 968; x_wconf 81' lang='lat'>&#39;</span> <span class='ocrx_word' id='word_1_46' title='bbox 197 963 308 1032; x_wconf 89' lang='lat' dir='ltr'>Denique</span> <span class='ocrx_word' id='word_1_47' title='bbox 315 985 365 1017; x_wconf 93' lang='lat' dir='ltr'>non</span> <span class='ocrx_word' id='word_1_48' title='bbox 376 985 459 1034; x_wconf 77' lang='lat' dir='ltr'>parvas</span> <span class='ocrx_word' id='word_1_49' title='bbox 472 972 554 1019; x_wconf 86' lang='lat' dir='ltr'>animo</span> <span class='ocrx_word' id='word_1_50' title='bbox 565 967 608 1018; x_wconf 87' lang='lat' dir='ltr'>dat</span> <span class='ocrx_word' id='word_1_51' title='bbox 618 968 696 1033; x_wconf 78' lang='lat' dir='ltr'>gloria</span> <span class='ocrx_word' id='word_1_52' title='bbox 705 969 783 1026; x_wconf 75' lang='lat' dir='ltr'>viree3</span> 
     </span>
    </p>
   </div>
   <div class='ocr_carea' id='block_1_4' title="bbox 142 1041 960 3126">
    <p class='ocr_par' dir='ltr' id='par_1_6' title="bbox 142 1041 960 3126">
     <span class='ocr_line' id='line_1_9' title="bbox 142 1041 727 1111; baseline 0.005 -21"><span class='ocrx_word' id='word_1_53' title='bbox 142 1041 145 1046; x_wconf 79' lang='grc'><strong>’</strong></span> <span class='ocrx_word' id='word_1_54' title='bbox 231 1042 263 1091; x_wconf 89' lang='lat' dir='ltr'>Et</span> <span class='ocrx_word' id='word_1_55' title='bbox 277 1043 380 1096; x_wconf 82' lang='lat' dir='ltr'>fecunda</span> <span class='ocrx_word' id='word_1_56' title='bbox 390 1045 448 1096; x_wconf 84' lang='lat' dir='ltr'>facit</span> <span class='ocrx_word' id='word_1_57' title='bbox 458 1049 553 1111; x_wconf 65' lang='lat' dir='ltr'>pedore</span> <span class='ocrx_word' id='word_1_58' title='bbox 563 1043 640 1094; x_wconf 84' lang='lat' dir='ltr'>landis</span> <span class='ocrx_word' id='word_1_59' title='bbox 650 1061 727 1094; x_wconf 82' lang='lat' dir='ltr'>amor.</span> 
     </span>
     <span class='ocr_line' id='line_1_10' title="bbox 196 1116 820 1188; baseline -0.002 -21"><span class='ocrx_word' id='word_1_60' title='bbox 196 1116 311 1168; x_wconf 81' lang='lat' dir='ltr'>Nominis</span> <span class='ocrx_word' id='word_1_61' title='bbox 329 1125 354 1170; x_wconf 85' lang='lat'>&amp;</span> <span class='ocrx_word' id='word_1_62' title='bbox 372 1122 442 1171; x_wconf 73' lang='lat' dir='ltr'>fame</span> <span class='ocrx_word' id='word_1_63' title='bbox 454 1119 577 1188; x_wconf 89' lang='lat' dir='ltr'>quondam</span> <span class='ocrx_word' id='word_1_64' title='bbox 589 1121 684 1186; x_wconf 76' lang='lat' dir='ltr'>fulgore</span> <span class='ocrx_word' id='word_1_65' title='bbox 695 1120 820 1176; x_wconf 74' lang='lat' dir='ltr'>trahebar,</span> 
     </span>
     <span class='ocr_line' id='line_1_11' title="bbox 229 1196 960 1248; baseline -0.001 -2"><span class='ocrx_word' id='word_1_66' title='bbox 229 1196 296 1246; x_wconf 89' lang='lat' dir='ltr'>Dum</span> <span class='ocrx_word' id='word_1_67' title='bbox 307 1199 364 1248; x_wconf 90' lang='lat' dir='ltr'>tulit</span> <span class='ocrx_word' id='word_1_68' title='bbox 374 1213 486 1248; x_wconf 81' lang='lat' dir='ltr'>antennas</span> <span class='ocrx_word' id='word_1_69' title='bbox 497 1215 552 1248; x_wconf 80' lang='lat' dir='ltr'>aura</span> <span class='ocrx_word' id='word_1_70' title='bbox 564 1196 666 1248; x_wconf 75' lang='lat' dir='ltr'>secunda</span> <span class='ocrx_word' id='word_1_71' title='bbox 676 1213 748 1246; x_wconf 79' lang='lat' dir='ltr'>mens.</span> <span class='ocrx_word' id='word_1_72' title='bbox 927 1201 960 1245; x_wconf 78' lang='lat'>40</span> 
     </span>
     <span class='ocr_line' id='line_1_12' title="bbox 197 1273 860 1340; baseline -0.009 -15"><span class='ocrx_word' id='word_1_73' title='bbox 197 1273 256 1325; x_wconf 87' lang='lat' dir='ltr'>Non</span> <span class='ocrx_word' id='word_1_74' title='bbox 267 1274 328 1326; x_wconf 84' lang='lat' dir='ltr'>adeo</span> <span class='ocrx_word' id='word_1_75' title='bbox 340 1277 373 1325; x_wconf 89' lang='lat' dir='ltr'>est</span> <span class='ocrx_word' id='word_1_76' title='bbox 382 1277 442 1325; x_wconf 87' lang='lat' dir='ltr'>bene</span> <span class='ocrx_word' id='word_1_77' title='bbox 453 1293 517 1326; x_wconf 88' lang='lat' dir='ltr'>nunc</span> <span class='ocrx_word' id='word_1_78' title='bbox 527 1310 534 1335; x_wconf 86' lang='lat'><em>,</em></span> <span class='ocrx_word' id='word_1_79' title='bbox 546 1291 573 1325; x_wconf 91' lang='lat' dir='ltr'>ut</span> <span class='ocrx_word' id='word_1_80' title='bbox 585 1279 616 1325; x_wconf 80' lang='lat' dir='ltr'>rit</span> <span class='ocrx_word' id='word_1_81' title='bbox 624 1277 684 1323; x_wconf 88' lang='lat' dir='ltr'>mihi</span> <span class='ocrx_word' id='word_1_82' title='bbox 694 1275 772 1340; x_wconf 80' lang='lat' dir='ltr'>gloria</span> <span class='ocrx_word' id='word_1_83' title='bbox 784 1289 844 1322; x_wconf 81' lang='lat' dir='ltr'>turae</span> <span class='ocrx_word' id='word_1_84' title='bbox 855 1287 860 1319; x_wconf 78' lang='grc' dir='ltr'>ι</span> 
     </span>
     <span class='ocr_line' id='line_1_13' title="bbox 230 1351 720 1419; baseline 0.004 -19"><span class='ocrx_word' id='word_1_85' title='bbox 230 1355 254 1400; x_wconf 88' lang='lat' dir='ltr'>Si</span> <span class='ocrx_word' id='word_1_86' title='bbox 272 1354 356 1409; x_wconf 83' lang='lat' dir='ltr'>liceat,</span> <span class='ocrx_word' id='word_1_87' title='bbox 377 1354 438 1403; x_wconf 89' lang='lat' dir='ltr'>nulli</span> <span class='ocrx_word' id='word_1_88' title='bbox 453 1358 564 1419; x_wconf 81' lang='lat' dir='ltr'>cognitus</span> <span class='ocrx_word' id='word_1_89' title='bbox 579 1351 626 1402; x_wconf 81' lang='lat' dir='ltr'>effe</span> <span class='ocrx_word' id='word_1_90' title='bbox 637 1353 720 1404; x_wconf 88' lang='lat' dir='ltr'>velim.</span> 
     </span>
     <span class='ocr_line' id='line_1_14' title="bbox 197 1425 844 1499; baseline -0.009 -19"><span class='ocrx_word' id='word_1_91' title='bbox 197 1429 249 1489; x_wconf 76' lang='lat' dir='ltr'>An,</span> <span class='ocrx_word' id='word_1_92' title='bbox 262 1436 317 1496; x_wconf 84' lang='lat' dir='ltr'>quia</span> <span class='ocrx_word' id='word_1_93' title='bbox 332 1429 448 1480; x_wconf 78' lang='lat' dir='ltr'>cesserunt</span> <span class='ocrx_word' id='word_1_94' title='bbox 458 1430 537 1499; x_wconf 75' lang='lat' dir='ltr'>primo</span> <span class='ocrx_word' id='word_1_95' title='bbox 551 1431 613 1480; x_wconf 83' lang='lat' dir='ltr'>bene</span> <span class='ocrx_word' id='word_1_96' title='bbox 627 1433 747 1487; x_wconf 80' lang='lat' dir='ltr'>carmina,</span> <span class='ocrx_word' id='word_1_97' title='bbox 763 1425 844 1476; x_wconf 77' lang='lat' dir='ltr'>suades</span> 
     </span>
     <span class='ocr_line' id='line_1_15' title="bbox 230 1506 767 1574; baseline 0.006 -19"><span class='ocrx_word' id='word_1_98' title='bbox 230 1508 350 1568; x_wconf 83' lang='lat' dir='ltr'>Scribere,</span> <span class='ocrx_word' id='word_1_99' title='bbox 364 1506 479 1558; x_wconf 82' lang='lat' dir='ltr'>succeffus</span> <span class='ocrx_word' id='word_1_100' title='bbox 490 1524 518 1558; x_wconf 89' lang='lat' dir='ltr'>nt</span> <span class='ocrx_word' id='word_1_101' title='bbox 528 1510 611 1574; x_wconf 83' lang='lat' dir='ltr'>sequar</span> <span class='ocrx_word' id='word_1_102' title='bbox 623 1509 674 1572; x_wconf 86' lang='lat' dir='ltr'>ipse</span> <span class='ocrx_word' id='word_1_103' title='bbox 687 1513 767 1558; x_wconf 77' lang='lat' dir='ltr'>meos?</span> 
     </span>
     <span class='ocr_line' id='line_1_16' title="bbox 198 1582 955 1646; baseline 0 -15"><span class='ocrx_word' id='word_1_104' title='bbox 198 1582 275 1644; x_wconf 81' lang='lat' dir='ltr'>Pace,</span> <span class='ocrx_word' id='word_1_105' title='bbox 291 1602 396 1646; x_wconf 85' lang='lat' dir='ltr'>novem,</span> <span class='ocrx_word' id='word_1_106' title='bbox 410 1585 485 1636; x_wconf 67' lang='lat' dir='ltr'>vestri</span> <span class='ocrx_word' id='word_1_107' title='bbox 495 1586 566 1635; x_wconf 88' lang='lat' dir='ltr'>liceat</span> <span class='ocrx_word' id='word_1_108' title='bbox 576 1583 660 1635; x_wconf 76' lang='lat' dir='ltr'>dixiffe</span> <span class='ocrx_word' id='word_1_109' title='bbox 671 1617 681 1641; x_wconf 86' lang='lat'><em>‚</em></span> <span class='ocrx_word' id='word_1_110' title='bbox 699 1587 811 1642; x_wconf 83' lang='lat' dir='ltr'>Sorores;</span> <span class='ocrx_word' id='word_1_111' title='bbox 926 1598 955 1642; x_wconf 85' lang='lat'>45</span> 
     </span>
     <span class='ocr_line' id='line_1_17' title="bbox 232 1661 722 1728; baseline 0 -18"><span class='ocrx_word' id='word_1_112' title='bbox 232 1662 282 1711; x_wconf 82' lang='lat' dir='ltr'>Vos</span> <span class='ocrx_word' id='word_1_113' title='bbox 299 1663 349 1712; x_wconf 81' lang='lat' dir='ltr'>estis</span> <span class='ocrx_word' id='word_1_114' title='bbox 361 1664 444 1714; x_wconf 82' lang='lat' dir='ltr'>nostrae</span> <span class='ocrx_word' id='word_1_115' title='bbox 458 1667 563 1712; x_wconf 82' lang='lat' dir='ltr'>maxima</span> <span class='ocrx_word' id='word_1_116' title='bbox 572 1665 642 1712; x_wconf 82' lang='lat' dir='ltr'>causa</span> <span class='ocrx_word' id='word_1_117' title='bbox 650 1661 722 1728; x_wconf 75' lang='lat' dir='ltr'>fuga.</span> 
     </span>
     <span class='ocr_line' id='line_1_18' title="bbox 197 1736 730 1805; baseline -0.002 -18"><span class='ocrx_word' id='word_1_118' title='bbox 197 1736 279 1805; x_wconf 80' lang='lat' dir='ltr'>thue</span> <span class='ocrx_word' id='word_1_119' title='bbox 290 1737 356 1789; x_wconf 81' lang='lat' dir='ltr'>dedit</span> <span class='ocrx_word' id='word_1_120' title='bbox 364 1742 435 1805; x_wconf 76' lang='lat' dir='ltr'>justas</span> <span class='ocrx_word' id='word_1_121' title='bbox 446 1744 506 1791; x_wconf 82' lang='lat' dir='ltr'>tauri</span> <span class='ocrx_word' id='word_1_122' title='bbox 518 1740 646 1790; x_wconf 80' lang='lat' dir='ltr'>fabricator</span> <span class='ocrx_word' id='word_1_123' title='bbox 658 1742 709 1789; x_wconf 77' lang='lat' dir='ltr'>ae&#39;ni</span> <span class='ocrx_word' id='word_1_124' title='bbox 722 1773 730 1798; x_wconf 89' lang='lat'>‚</span> 
     </span>
     <span class='ocr_line' id='line_1_19' title="bbox 229 1816 815 1884; baseline 0.003 -20"><span class='ocrx_word' id='word_1_125' title='bbox 229 1817 268 1865; x_wconf 85' lang='lat' dir='ltr'>Sic</span> <span class='ocrx_word' id='word_1_126' title='bbox 283 1834 328 1883; x_wconf 75' lang='lat' dir='ltr'>ego</span> <span class='ocrx_word' id='word_1_127' title='bbox 337 1816 371 1868; x_wconf 85' lang='lat' dir='ltr'>do</span> <span class='ocrx_word' id='word_1_128' title='bbox 380 1835 460 1884; x_wconf 75' lang='lat' dir='ltr'>poenas</span> <span class='ocrx_word' id='word_1_129' title='bbox 469 1820 558 1868; x_wconf 79' lang='lat' dir='ltr'>artibus</span> <span class='ocrx_word' id='word_1_130' title='bbox 569 1820 617 1884; x_wconf 80' lang='lat' dir='ltr'>ipse</span> <span class='ocrx_word' id='word_1_131' title='bbox 625 1821 693 1868; x_wconf 84' lang='lat' dir='ltr'>meis.</span> <span class='ocrx_word' id='word_1_132' title='bbox 777 1839 782 1849; x_wconf 92' lang='lat'>·</span> <span class='ocrx_word' id='word_1_133' title='bbox 811 1817 815 1825; x_wconf 89' lang='grc'><strong>“</strong></span> 
     </span>
     <span class='ocr_line' id='line_1_20' title="bbox 197 1891 800 1962; baseline -0.002 -17"><span class='ocrx_word' id='word_1_134' title='bbox 197 1893 240 1945; x_wconf 88' lang='lat' dir='ltr'>Nil</span> <span class='ocrx_word' id='word_1_135' title='bbox 250 1899 310 1944; x_wconf 89' lang='lat' dir='ltr'>mihi</span> <span class='ocrx_word' id='word_1_136' title='bbox 323 1894 436 1947; x_wconf 81' lang='lat' dir='ltr'>debuerat</span> <span class='ocrx_word' id='word_1_137' title='bbox 445 1913 501 1946; x_wconf 88' lang='lat' dir='ltr'>curn</span> <span class='ocrx_word' id='word_1_138' title='bbox 510 1899 615 1946; x_wconf 75' lang='lat' dir='ltr'>versibus</span> <span class='ocrx_word' id='word_1_139' title='bbox 625 1895 727 1962; x_wconf 76' lang='lat' dir='ltr'>amplius</span> <span class='ocrx_word' id='word_1_140' title='bbox 737 1891 783 1944; x_wconf 80' lang='lat' dir='ltr'>effe</span> <span class='ocrx_word' id='word_1_141' title='bbox 792 1910 800 1951; x_wconf 78' lang='lat'>3</span> 
     </span>
     <span class='ocr_line' id='line_1_21' title="bbox 228 1970 960 2039; baseline -0.001 -18"><span class='ocrx_word' id='word_1_142' title='bbox 228 1970 275 2022; x_wconf 81' lang='lat' dir='ltr'>Sed</span> <span class='ocrx_word' id='word_1_143' title='bbox 286 1973 393 2038; x_wconf 83' lang='lat' dir='ltr'>fugerem</span> <span class='ocrx_word' id='word_1_144' title='bbox 402 1974 489 2024; x_wconf 76' lang='lat' dir='ltr'>merito</span> <span class='ocrx_word' id='word_1_145' title='bbox 499 1974 627 2039; x_wconf 80' lang='lat' dir='ltr'>naufragus</span> <span class='ocrx_word' id='word_1_146' title='bbox 638 1991 711 2024; x_wconf 89' lang='lat' dir='ltr'>omne</span> <span class='ocrx_word' id='word_1_147' title='bbox 723 1973 821 2023; x_wconf 84' lang='lat' dir='ltr'>fretum.</span> <span class='ocrx_word' id='word_1_148' title='bbox 930 1987 960 2030; x_wconf 70' lang='lat' dir='ltr'>to</span> 
     </span>
     <span class='ocr_line' id='line_1_22' title="bbox 194 2050 801 2116; baseline -0.003 -15"><span class='ocrx_word' id='word_1_149' title='bbox 194 2051 229 2101; x_wconf 79' lang='lat' dir='ltr'>At</span> <span class='ocrx_word' id='word_1_150' title='bbox 238 2065 298 2116; x_wconf 79' lang='lat' dir='ltr'>puto</span> <span class='ocrx_word' id='word_1_151' title='bbox 305 2085 313 2110; x_wconf 89' lang='lat'>,</span> <span class='ocrx_word' id='word_1_152' title='bbox 328 2055 348 2101; x_wconf 79' lang='lat' dir='ltr'>si</span> <span class='ocrx_word' id='word_1_153' title='bbox 360 2051 457 2102; x_wconf 85' lang='lat' dir='ltr'>demens</span> <span class='ocrx_word' id='word_1_154' title='bbox 469 2050 573 2101; x_wconf 85' lang='lat' dir='ltr'>studium</span> <span class='ocrx_word' id='word_1_155' title='bbox 583 2051 657 2102; x_wconf 84' lang='lat' dir='ltr'>fatale</span> <span class='ocrx_word' id='word_1_156' title='bbox 668 2065 801 2110; x_wconf 83' lang='lat' dir='ltr'>retentem,</span> 
     </span>
     <span class='ocr_line' id='line_1_23' title="bbox 228 2127 778 2194; baseline 0.004 -18"><span class='ocrx_word' id='word_1_157' title='bbox 228 2127 275 2177; x_wconf 87' lang='lat' dir='ltr'>Hie</span> <span class='ocrx_word' id='word_1_158' title='bbox 293 2131 353 2178; x_wconf 90' lang='lat' dir='ltr'>mihi</span> <span class='ocrx_word' id='word_1_159' title='bbox 370 2132 484 2194; x_wconf 70' lang='lat' dir='ltr'>prebebit</span> <span class='ocrx_word' id='word_1_160' title='bbox 501 2133 613 2180; x_wconf 77' lang='lat' dir='ltr'>carminis</span> <span class='ocrx_word' id='word_1_161' title='bbox 625 2147 689 2180; x_wconf 82' lang='lat' dir='ltr'>arma</span> <span class='ocrx_word' id='word_1_162' title='bbox 702 2130 778 2180; x_wconf 86' lang='lat' dir='ltr'>locus.</span> 
     </span>
     <span class='ocr_line' id='line_1_24' title="bbox 194 2203 906 2274; baseline -0.004 -18"><span class='ocrx_word' id='word_1_163' title='bbox 194 2203 254 2256; x_wconf 86' lang='lat' dir='ltr'>Non</span> <span class='ocrx_word' id='word_1_164' title='bbox 265 2205 326 2255; x_wconf 86' lang='lat' dir='ltr'>libet</span> <span class='ocrx_word' id='word_1_165' title='bbox 336 2206 377 2257; x_wconf 85' lang='lat' dir='ltr'>hic</span> <span class='ocrx_word' id='word_1_166' title='bbox 389 2207 450 2256; x_wconf 79' lang='lat' dir='ltr'>ullus</span> <span class='ocrx_word' id='word_1_167' title='bbox 460 2242 469 2266; x_wconf 86' lang='lat'>,</span> <span class='ocrx_word' id='word_1_168' title='bbox 480 2223 530 2258; x_wconf 86' lang='lat' dir='ltr'>non</span> <span class='ocrx_word' id='word_1_169' title='bbox 539 2211 581 2274; x_wconf 87' lang='lat' dir='ltr'>qui</span> <span class='ocrx_word' id='word_1_170' title='bbox 593 2210 653 2258; x_wconf 90' lang='lat' dir='ltr'>mihi</span> <span class='ocrx_word' id='word_1_171' title='bbox 665 2205 805 2258; x_wconf 87' lang='lat' dir='ltr'>commodet</span> <span class='ocrx_word' id='word_1_172' title='bbox 816 2224 906 2264; x_wconf 74' lang='lat' dir='ltr'>aurem,</span> 
     </span>
     <span class='ocr_line' id='line_1_25' title="bbox 226 2282 811 2350; baseline 0.005 -19"><span class='ocrx_word' id='word_1_173' title='bbox 226 2282 354 2349; x_wconf 85' lang='lat' dir='ltr'>Verbaque</span> <span class='ocrx_word' id='word_1_174' title='bbox 363 2283 498 2348; x_wconf 77' lang='lat' dir='ltr'>significent</span> <span class='ocrx_word' id='word_1_175' title='bbox 507 2283 567 2350; x_wconf 87' lang='lat' dir='ltr'>quid</span> <span class='ocrx_word' id='word_1_176' title='bbox 577 2302 631 2334; x_wconf 87' lang='lat' dir='ltr'>mea</span> <span class='ocrx_word' id='word_1_177' title='bbox 642 2289 722 2345; x_wconf 86' lang='lat' dir='ltr'>norit,</span> <span class='ocrx_word' id='word_1_178' title='bbox 738 2283 811 2334; x_wconf 82' lang='lat' dir='ltr'>adest.</span> 
     </span>
     <span class='ocr_line' id='line_1_26' title="bbox 195 2359 955 2428; baseline -0.001 -17"><span class='ocrx_word' id='word_1_179' title='bbox 195 2359 287 2411; x_wconf 84' lang='lat' dir='ltr'>Omnia</span> <span class='ocrx_word' id='word_1_180' title='bbox 297 2362 409 2411; x_wconf 72' lang='lat' dir='ltr'>barbaria</span> <span class='ocrx_word' id='word_1_181' title='bbox 419 2362 474 2411; x_wconf 84' lang='lat' dir='ltr'>loca</span> <span class='ocrx_word' id='word_1_182' title='bbox 484 2364 538 2412; x_wconf 88' lang='lat' dir='ltr'>sunt</span> <span class='ocrx_word' id='word_1_183' title='bbox 549 2397 557 2422; x_wconf 86' lang='lat'>‚</span> <span class='ocrx_word' id='word_1_184' title='bbox 569 2367 682 2428; x_wconf 80' lang='lat' dir='ltr'>vocisque</span> <span class='ocrx_word' id='word_1_185' title='bbox 693 2363 784 2412; x_wconf 80' lang='lat' dir='ltr'>feriore:</span> <span class='ocrx_word' id='word_1_186' title='bbox 928 2366 955 2410; x_wconf 76' lang='lat'>55</span> 
     </span>
     <span class='ocr_line' id='line_1_27' title="bbox 227 2439 730 2505; baseline 0 -17"><span class='ocrx_word' id='word_1_187' title='bbox 227 2439 318 2490; x_wconf 85' lang='lat' dir='ltr'>Omnia</span> <span class='ocrx_word' id='word_1_188' title='bbox 329 2441 384 2490; x_wconf 86' lang='lat' dir='ltr'>sunt</span> <span class='ocrx_word' id='word_1_189' title='bbox 400 2441 479 2491; x_wconf 83' lang='lat' dir='ltr'>Getici</span> <span class='ocrx_word' id='word_1_190' title='bbox 490 2440 559 2505; x_wconf 84' lang='lat' dir='ltr'>plena</span> <span class='ocrx_word' id='word_1_191' title='bbox 569 2443 656 2489; x_wconf 87' lang='lat' dir='ltr'>timore</span> <span class='ocrx_word' id='word_1_192' title='bbox 668 2442 730 2489; x_wconf 80' lang='lat' dir='ltr'>soni.</span> 
     </span>
     <span class='ocr_line' id='line_1_28' title="bbox 192 2515 731 2584; baseline -0.004 -16"><span class='ocrx_word' id='word_1_193' title='bbox 192 2515 245 2584; x_wconf 81' lang='lat' dir='ltr'>lpse</span> <span class='ocrx_word' id='word_1_194' title='bbox 257 2520 317 2566; x_wconf 85' lang='lat' dir='ltr'>mihi</span> <span class='ocrx_word' id='word_1_195' title='bbox 329 2516 413 2568; x_wconf 82' lang='lat' dir='ltr'>videor</span> <span class='ocrx_word' id='word_1_196' title='bbox 422 2523 471 2583; x_wconf 83' lang='lat' dir='ltr'>jam</span> <span class='ocrx_word' id='word_1_197' title='bbox 481 2515 620 2567; x_wconf 75' lang='lat' dir='ltr'>dedidicisse</span> <span class='ocrx_word' id='word_1_198' title='bbox 630 2517 713 2567; x_wconf 72' lang='lat' dir='ltr'>Latini</span> <span class='ocrx_word' id='word_1_199' title='bbox 725 2536 731 2566; x_wconf 73' lang='grc' dir='ltr'><strong><em>ε</em></strong></span> 
     </span>
     <span class='ocr_line' id='line_1_29' title="bbox 226 2593 737 2662; baseline 0.002 -19"><span class='ocrx_word' id='word_1_200' title='bbox 226 2595 281 2646; x_wconf 82' lang='lat' dir='ltr'>Jam</span> <span class='ocrx_word' id='word_1_201' title='bbox 292 2593 366 2644; x_wconf 82' lang='lat' dir='ltr'>didici</span> <span class='ocrx_word' id='word_1_202' title='bbox 378 2594 462 2645; x_wconf 64' lang='lat' dir='ltr'>Getici</span> <span class='ocrx_word' id='word_1_203' title='bbox 472 2594 646 2662; x_wconf 54' lang='lat' dir='ltr'>Sarmaticeque</span> <span class='ocrx_word' id='word_1_204' title='bbox 661 2595 737 2661; x_wconf 85' lang='lat' dir='ltr'>loqui.</span> 
     </span>
     <span class='ocr_line' id='line_1_30' title="bbox 191 2661 888 2745; baseline -0.006 -21"><span class='ocrx_word' id='word_1_205' title='bbox 191 2671 245 2724; x_wconf 84' lang='lat' dir='ltr'>Nec</span> <span class='ocrx_word' id='word_1_206' title='bbox 256 2688 349 2727; x_wconf 83' lang='lat' dir='ltr'>tannen,</span> <span class='ocrx_word' id='word_1_207' title='bbox 361 2688 387 2722; x_wconf 91' lang='lat' dir='ltr'>ut</span> <span class='ocrx_word' id='word_1_208' title='bbox 397 2689 479 2724; x_wconf 80' lang='lat' dir='ltr'>verum</span> <span class='ocrx_word' id='word_1_209' title='bbox 489 2673 563 2723; x_wconf 86' lang='lat' dir='ltr'>fateat</span> <span class='ocrx_word' id='word_1_210' title='bbox 575 2673 632 2732; x_wconf 86' lang='lat' dir='ltr'>tibi,</span> <span class='ocrx_word' id='word_1_211' title='bbox 647 2673 726 2745; x_wconf 77' lang='lat' dir='ltr'>nostro</span> <span class='ocrx_word' id='word_1_212' title='bbox 736 2675 810 2722; x_wconf 81' lang='lat' dir='ltr'>teneri</span> <span class='ocrx_word' id='word_1_213' title='bbox 886 2661 888 2668; x_wconf 51' lang='lat'><strong>¹</strong></span> 
     </span>
     <span class='ocr_line' id='line_1_31' title="bbox 222 2748 955 2816; baseline 0.004 -18"><span class='ocrx_word' id='word_1_214' title='bbox 222 2753 245 2798; x_wconf 75' lang='lat' dir='ltr'>A</span> <span class='ocrx_word' id='word_1_215' title='bbox 262 2748 432 2815; x_wconf 79' lang='lat' dir='ltr'>componendo</span> <span class='ocrx_word' id='word_1_216' title='bbox 442 2753 548 2799; x_wconf 88' lang='lat' dir='ltr'>carmine</span> <span class='ocrx_word' id='word_1_217' title='bbox 557 2751 627 2800; x_wconf 83' lang='lat' dir='ltr'>Musa</span> <span class='ocrx_word' id='word_1_218' title='bbox 637 2749 723 2816; x_wconf 80' lang='lat' dir='ltr'>potest.</span> <span class='ocrx_word' id='word_1_219' title='bbox 923 2763 955 2802; x_wconf 70' lang='lat' dir='ltr'>co</span> 
     </span>
     <span class='ocr_line' id='line_1_32' title="bbox 189 2826 846 2893; baseline -0.003 -17"><span class='ocrx_word' id='word_1_220' title='bbox 189 2826 335 2886; x_wconf 82' lang='lat' dir='ltr'>Scribimus,</span> <span class='ocrx_word' id='word_1_221' title='bbox 353 2830 378 2877; x_wconf 77' lang='grc' dir='ltr'>δι</span> <span class='ocrx_word' id='word_1_222' title='bbox 392 2829 494 2892; x_wconf 66' lang='lat' dir='ltr'>‚scriptos</span> <span class='ocrx_word' id='word_1_223' title='bbox 505 2829 650 2877; x_wconf 83' lang='lat' dir='ltr'>absumimus</span> <span class='ocrx_word' id='word_1_224' title='bbox 662 2831 716 2893; x_wconf 85' lang='lat' dir='ltr'>igne</span> <span class='ocrx_word' id='word_1_225' title='bbox 735 2826 846 2876; x_wconf 80' lang='lat' dir='ltr'>libellos:</span> 
     </span>
     <span class='ocr_line' id='line_1_33' title="bbox 222 2901 671 2970; baseline 0.007 -19"><span class='ocrx_word' id='word_1_226' title='bbox 222 2901 306 2953; x_wconf 75' lang='lat' dir='ltr'>Exitus</span> <span class='ocrx_word' id='word_1_227' title='bbox 316 2904 349 2954; x_wconf 87' lang='lat' dir='ltr'>est</span> <span class='ocrx_word' id='word_1_228' title='bbox 360 2903 430 2954; x_wconf 85' lang='lat' dir='ltr'>studii</span> <span class='ocrx_word' id='word_1_229' title='bbox 441 2921 513 2970; x_wconf 79' lang='lat' dir='ltr'>parva</span> <span class='ocrx_word' id='word_1_230' title='bbox 522 2905 605 2955; x_wconf 77' lang='lat' dir='ltr'>fovilla</span> <span class='ocrx_word' id='word_1_231' title='bbox 613 2908 671 2954; x_wconf 88' lang='lat' dir='ltr'>mei.</span> 
     </span>
     <span class='ocr_line' id='line_1_34' title="bbox 188 2979 824 3048; baseline -0.003 -14"><span class='ocrx_word' id='word_1_232' title='bbox 188 2979 242 3034; x_wconf 81' lang='lat' dir='ltr'>Nec</span> <span class='ocrx_word' id='word_1_233' title='bbox 255 2979 366 3045; x_wconf 75' lang='lat' dir='ltr'>possum,</span> <span class='ocrx_word' id='word_1_234' title='bbox 380 2981 405 3033; x_wconf 77' lang='lat' dir='ltr'>dt</span> <span class='ocrx_word' id='word_1_235' title='bbox 421 2986 493 3048; x_wconf 77' lang='lat' dir='ltr'>cupio</span> <span class='ocrx_word' id='word_1_236' title='bbox 506 2999 555 3032; x_wconf 88' lang='lat' dir='ltr'>non</span> <span class='ocrx_word' id='word_1_237' title='bbox 566 2982 629 3032; x_wconf 86' lang='lat' dir='ltr'>ullos</span> <span class='ocrx_word' id='word_1_238' title='bbox 641 2981 726 3032; x_wconf 86' lang='lat' dir='ltr'>ducere</span> <span class='ocrx_word' id='word_1_239' title='bbox 737 2984 824 3032; x_wconf 78' lang='lat' dir='ltr'>versus.</span> 
     </span>
     <span class='ocr_line' id='line_1_35' title="bbox 220 3058 694 3126; baseline -0.006 -16"><span class='ocrx_word' id='word_1_240' title='bbox 220 3059 322 3112; x_wconf 84' lang='lat' dir='ltr'>Ponitur</span> <span class='ocrx_word' id='word_1_241' title='bbox 330 3058 423 3113; x_wconf 77' lang='lat' dir='ltr'>idcirco</span> <span class='ocrx_word' id='word_1_242' title='bbox 433 3061 544 3111; x_wconf 83' lang='lat' dir='ltr'>nosterin</span> <span class='ocrx_word' id='word_1_243' title='bbox 552 3063 607 3126; x_wconf 80' lang='lat' dir='ltr'>igne</span> <span class='ocrx_word' id='word_1_244' title='bbox 616 3061 694 3111; x_wconf 78' lang='lat' dir='ltr'>labor.</span> 
     </span>
    </p>
   </div>
   <div class='ocr_carea' id='block_1_5' title="bbox 705 3138 780 3193">
    <p class='ocr_par' dir='ltr' id='par_1_7' title="bbox 705 3138 780 3193">
     <span class='ocr_line' id='line_1_36' title="bbox 705 3138 780 3193; baseline 0 -1"><span class='ocrx_word' id='word_1_245' title='bbox 705 3138 780 3193; x_wconf 81' lang='grc' dir='ltr'>Μὶν</span> 
     </span>
    </p>
   </div>
   <div class='ocr_carea' id='block_1_6' title="bbox 0 0 1172 3917">
    <p class='ocr_par' dir='ltr' id='par_1_8' title="bbox 0 0 1172 3917">
     <span class='ocr_line' id='line_1_37' title="bbox 0 0 1172 3917; baseline 0 2"><span class='ocrx_word' id='word_1_246' title='bbox 0 0 1172 3917; x_wconf 95' lang='lat' dir='ltr'> </span> 
     </span>
    </p>
   </div>
  </div>
 </body>
</html>
