2334 3917
254 360 550 429 FAsnonuM
575 357 674 427 ω.
698 356 770 427 III.
824 380 866 447 75

163 480 252 548 lgnibus
263 483 357 531 aeternis
366 483 447 529 aeterui
458 482 557 529 numina
571 482 674 544 praesuut

192 561 288 612 Caesaris
298 562 406 625 :imperii
417 562 518 624 pignora
529 560 608 624 juncta
615 557 691 607 vides.

164 638 288 690 Deveteris
303 636 383 703 Trojae
395 634 535 701 dignissima
546 632 626 701 preda
635 634 737 698 favilis,

194 718 245 778 Qus
254 720 333 783 gravis
342 716 426 765 AEneas
437 729 503 763 tutus
510 715 539 762 ab
549 714 613 763 hoste
623 713 679 771 suit3

165 796 231 846 Ortus
241 797 270 845 ab
282 792 360 847 AEned
370 796 555 859 tangitcognata
565 790 673 841 sacerdos
875 818 920 868 4²5

194 874 299 923 Numina
308 889 315 931 3
325 886 454 937 cognatum
464 905 472 929 ‚
484 870 555 919 Vesta
566 906 573 929 ‚
591 884 745 935 tuerecaput.

167 954 227 1014 Quos
237 950 315 1002 sanus
323 950 390 998 fovet
401 949 442 996 ille
454 964 526 996 manu
537 982 544 1005 ,
556 949 616 995 bene
628 951 707 997 vivitis
719 950 798 1011 ignes,

197 1031 273 1079 Viuite
283 1027 413 1077 inexstinsti
426 1060 434 1085 ,
453 1024 598 1091 flammaque
611 1026 713 1093 Duxque
726 1061 733 1084 ,
746 1042 840 1090 precor.

166 1108 231 1157 UNA
240 1099 299 1155 u'ota
310 1104 342 1161 est
350 1106 425 1153 Marti
435 1138 443 1163 ,
456 1103 534 1151 Nonis
545 1105 635 1153 sacrata
646 1102 713 1169 quod
723 1102 772 1152 illis
806 1130 815 1145 ·
832 1132 839 1139 ·

98 1229 134 1245 ¹.
195 1181 750 1249 Templaputant‚lucosVejovisanteduos.
877 1208 926 1255 450

98 1316 101 1321 ‚
165 1264 280 1313 Romulus
291 1277 318 1309 ut
329 1263 384 1310 saxo
396 1260 478 1308 lucum
492 1258 652 1311 circumdedit
662 1261 730 1320 alr03

195 1340 319 1397 Cuilibet,
335 1339 406 1396 Huc,
419 1340 513 1402 inquit,
526 1337 645 1401 confuge3
662 1354 725 1388 tutus
736 1342 789 1391 eris.

166 1420 202 1468 0!
221 1417 296 1484 qualm
311 1414 341 1465 de
354 1418 419 1464 tenui
431 1417 554 1463 Romanus
564 1419 660 1480 origine
668 1422 745 1468 crevit
754 1410 768 1468 l'

196 1496 277 1543 Turba
287 1510 354 1545 vetus
365 1492 440 1559 quim
451 1508 500 1542 non
512 1491 629 1543 invidiosa
637 1495 699 1545 fuit!

166 1573 203 1624 Ne
217 1590 298 1624 tamen
306 1574 389 1637 ignaro
400 1575 494 1622 nouitas
503 1573 546 1621 tibi
556 1576 661 1621 nominis
672 1575 765 1638 obstet,
879 1600 925 1647 435

196 1652 268 1701 Disce
279 1654 332 1717 quis
344 1651 385 1698 iste
397 1648 477 1705 Deus,
490 1666 560 1698 curve
572 1667 670 1700 vocetur
682 1655 725 1703 ita.

165 1730 272 1795 Juppiter
282 1730 316 1777 est
325 1731 416 1795 Juvenis
427 1747 433 1776 t
446 1729 561 1794 Juveniles
572 1733 649 1793 aspice
659 1732 748 1780 vultus.

197 1811 282 1873 Aspice
293 1805 380 1856 deinde
391 1824 489 1856 manum
502 1824 510 1863 3
525 1806 628 1856 fulmina
638 1810 704 1857 nulla
716 1826 789 1860 tener.

165 1887 276 1936 Fulmina
288 1920 298 1946 ‚
314 1886 366 1950 poll
375 1888 441 1935 ausos
453 1886 542 1935 coeluns
554 1883 662 1935 affesiare
674 1889 805 1953 Gigantas,

198 1968 283 2014 Sumta
294 1965 349 2013 Jovi
362 1983 368 2011 ι
380 1967 459 2029 primo
471 1978 593 2029 tempore,
606 1967 703 2015 inermis
716 1983 774 2017 ctat.

165 2044 264 2109 Ignibus
276 2040 334 2090 otia
345 2046 429 2101 novis,
442 2047 467 2091 &
477 2043 560 2092 Pelion
569 2043 641 2092 altior
652 2046 711 2095 ossa
868 2105 871 2108 x
883 2075 931 2120 440

197 2124 280 2180 Arsit,
302 2124 326 2169 δι
338 2123 363 2169 in
374 2118 451 2170 solidi
462 2118 521 2169 fixus
534 2122 652 2187 Olympus
666 2126 750 2175 humo.

165 2201 217 2249 Stat
234 2215 333 2265 quoque
349 2198 428 2263 Cupra
439 2198 510 2247 simul
523 2217 529 2247 ε
543 2199 663 2264 Nymphae
673 2202 761 2267 pavisse
774 2206 883 2258 seruntur

198 2275 313 2327 Cretides
323 2276 424 2325 :infanti
435 2275 472 2325 lac
482 2274 549 2325 dedit
557 2277 600 2326 illa
608 2279 671 2329 Jovi.

164 2354 238 2405 Nunc
252 2370 330 2404 vocor
346 2352 483 2403 adnomen.
498 2352 634 2419 Vegrandia
642 2356 705 2407 farra
713 2359 807 2410 colone
813 2395 822 2418 ,

198 2430 261 2491 Quae
271 2430 334 2480 mal&
345 2446 483 2493 creverunt,
497 2434 612 2498 vescaque
623 2453 695 2499 parva
705 2455 801 2489 vocant.
884 2474 929 2518 445

165 2507 209 2558 vis
222 2527 250 2559 ea
266 2512 286 2557 si
303 2511 370 2559 verbi
380 2510 428 2569 est,
441 2526 481 2557 cur
492 2526 541 2559 non
553 2528 598 2577 ego
609 2514 706 2579 Vejovis
716 2514 792 2566 aedem
805 2551 814 2578 ,

197 2588 289 2639 AEdem
302 2603 351 2636 uon
363 2591 443 2652 magni
456 2590 556 2653 suspicer
569 2590 616 2640 esse
625 2592 706 2643 lovis?

163 2666 288 2734 Jamque,
305 2669 346 2715 ubi
363 2666 490 2715 caeruleum
500 2668 624 2718 uallabunt
635 2668 711 2718 sidera
722 2671 831 2735 coelum,

197 2748 299 2810 Suspice
313 2762 321 2803 5
338 2744 460 2809 Gorgonei
471 2746 534 2795 colla
547 2746 637 2797 videbis
649 2750 713 2814 equi.
780 2741 784 2747 ⁴

165 2822 286 2873 Creditur
296 2824 336 2871 hic
348 2824 411 2871 caesae
422 2821 521 2887 gravidi
529 2828 621 2876 cervice
629 2824 734 2878 Medusae

198 2903 324 2965 Sanguine
336 2902 443 2965 respersis
454 2900 587 2967 prosiluisse
601 2906 672 2970 jubis.

165 2977 231 3027 Huic
244 2981 318 3043 supra
332 2979 405 3027 nubes
418 3013 426 3039 ,
437 2983 462 3027 &
477 2982 556 3029 subter
570 2980 661 3045 sidera,
674 2983 740 3050 lapso

192 3055 301 3107 Coelum
315 3072 360 3121 pro
372 3057 433 3107 terrai
441 3091 450 3118 ,
465 3074 509 3123 pro
519 3056 580 3125 pede
590 3077 682 3127 penna,
700 3062 756 3111 fuit.
829 3070 833 3077 “

886 2867 935 2912 4ίο
