2334 3917
249 315 389 427 Erisr.
413 375 469 429 ax
489 361 642 429 Pouro
668 360 707 429 L.
732 360 801 430 IV.
830 366 897 445 369

174 454 228 530 Nec
240 486 323 531 ,vincet
337 484 426 531 saevum
439 480 547 547 Cyclops
565 482 659 532 feritate
676 484 803 545 Phyacen,

210 558 259 618 Qui
274 574 349 625 quota
364 561 462 608 terroris
477 576 528 623 pars
544 560 606 610 solet
623 558 670 609 else
689 561 752 610 mei!

176 634 255 696 Scylla
267 635 322 685 feris
334 652 418 685 trunco
429 634 495 701 quod
507 636 578 685 latrat
591 641 718 701 ininguine
728 636 853 695 monstris3
902 638 930 686 ²5

210 712 340 763 Henioche
357 716 436 761 nautis
451 714 504 777 plus
517 730 621 763 nocuere
637 729 708 763 rates.

177 788 229 839 Nec
241 808 308 855 potes
324 792 414 841 infestis
429 783 538 841 conferre
554 790 698 855 Charybdin
712 792 823 852 Achaeis,

210 870 259 920 Ter
275 870 331 920 licet
343 886 441 937 epotum
455 886 489 919 ter
504 885 589 920 vomat
603 870 647 920 illa
662 870 761 919 fretum.

175 944 224 1007 Qui
236 964 383 1013 quamquam
395 947 478 997 dextri
492 951 589 1013 regione
600 949 711 997 licentius
726 960 828 1006 errant,
872 954 875 959 '

209 1024 323 1072 Securum
339 1023 401 1073 larus
418 1028 464 1074 hoc
483 1041 532 1073 non
546 1041 627 1075 tamen
640 1023 686 1074 effe
700 1029 791 1074 sinunt.
903 1040 932 1083 ,n

176 1098 224 1150 Hic
238 1104 290 1165 agri
305 1100 428 1151 infrondes
444 1121 450 1151 s
468 1101 508 1151 hic
523 1104 614 1167 spicula
633 1105 704 1152 tinus
717 1103 815 1153 venenis
835 1118 842 1150 r

210 1177 257 1227 Hic
273 1179 333 1230 freta
350 1180 389 1230 vel
406 1179 481 1247 pediti
496 1184 577 1245 pervia
592 1180 673 1231 reddit
689 1183 775 1230 hiems.

176 1256 212 1305 Ut
224 1290 232 1315 ,
246 1256 293 1321 qud
304 1274 381 1305 remus
392 1262 437 1307 iter
447 1258 519 1325 pulsis
532 1256 609 1307 modo
619 1258 709 1307 fecerat
719 1255 808 1317 uudiS,

209 1336 288 1383 Siccus
306 1335 427 1385 contemti
445 1352 504 1385 nave
521 1339 600 1386 viator
611 1352 659 1386 eat.

177 1410 226 1472 Qui
237 1412 336 1459 veniunt
346 1412 430 1473 istinc,
442 1416 482 1463 vix
491 1430 534 1463 vos
546 1430 572 1462 ea
583 1413 679 1464 credere
689 1412 784 1463 dicunt.
901 1431 929 1477 35

209 1486 289 1548 Qudm
301 1490 371 1537 miser
384 1490 433 1549 est,
447 1493 489 1555 qui
502 1489 549 1537 fert
561 1491 680 1554 asperiora
691 1489 751 1539 fide!

177 1565 258 1618 Crede
270 1582 349 1616 tamen
361 1586 367 1615 t
379 1584 423 1616 nec
435 1582 458 1616 te
470 1569 548 1617 causas
559 1570 649 1617 nescire
659 1572 780 1629 sinemus,

209 1642 313 1695 Horrida
325 1648 482 1694 Sarmaticum
494 1662 536 1695 cur
547 1662 613 1694 mare
624 1644 694 1695 duret
705 1649 791 1695 hierna.

176 1724 288 1774 Proxima
300 1724 355 1771 sunt
366 1726 435 1771 nobis
448 1722 544 1788 plaustri
557 1722 668 1773 ducentia
679 1724 801 1785 formam,

126 1832 130 1839 ·
207 1801 238 1849 Et
249 1817 301 1865 quae
312 1802 458 1865 precipuum
469 1797 545 1849 sidera
556 1800 631 1864 frigus
642 1801 744 1851 habent.

175 1878 238 1928 Hinc
250 1882 326 1927 oritur
335 1876 422 1927 Boreas
432 1912 439 1937 ,
452 1893 547 1943 oraque
557 1876 701 1928 domesticus
711 1881 768 1928 huic
774 1879 826 1941 est,

209 1956 240 2004 Et
255 1957 328 2003 sumit
338 1956 400 2003 vires
411 1971 425 2003 a
436 1957 547 2019 propiore
559 1954 627 2005 loco.

173 2035 207 2085 Ar
220 2033 316 2093 Notus,
329 2030 427 2081 adverso
439 2031 545 2097 tepidum
557 2036 599 2098 qui
611 2035 684 2099 spirat
693 2035 722 2085 ab
735 2053 797 2097 axe,

205 2112 245 2160 Est
256 2111 354 2177 procul,
368 2114 393 2159 hc
404 2126 469 2160 rarus
480 2108 665 2177 languidiorque
678 2116 754 2164 veuit.

172 2186 241 2243 Adde
252 2188 319 2255 quod
329 2188 368 2237 hic
380 2188 460 2237 clauso
471 2192 600 2240 miscentur
611 2189 712 2242 flumina
722 2194 820 2253 Ponto,
894 2222 910 2267 4
917 2225 925 2267 5

206 2254 311 2317 Vimque
322 2253 411 2303 fretum
420 2254 499 2303 multo
510 2255 590 2319 perdit
599 2259 630 2307 ab
641 2274 711 2307 amne
721 2260 798 2308 suam.

171 2329 226 2381 Huc
234 2330 309 2391 Lycus
317 2334 377 2389 ,huc
386 2335 491 2396 Sagaris,
500 2336 641 2400 Peniusque,
650 2337 803 2401 Hypanisque
811 2371 820 2398 ,
828 2333 942 2407 Cratesq3

206 2404 307 2465 influit,
320 2409 345 2453 δι
356 2407 439 2457 crebro
450 2412 541 2457 vortice
554 2425 630 2459 tortus
642 2411 717 2474 llalys
730 2430 738 2459 s

171 2485 358 2551 Partheniusque
370 2502 461 2550 rapax,
477 2492 501 2537 δι
517 2488 617 2538 volvens
635 2492 689 2541 sara
707 2490 819 2558 Cynapes

205 2563 319 2621 Labitur,
333 2566 357 2611 δι
368 2562 437 2611 nullo
449 2561 539 2613 tardior
550 2582 620 2614 amne
631 2568 727 2636 Tyras,
898 2600 928 2645 50

172 2640 204 2691 Et
216 2656 257 2701 tu,
270 2641 380 2689 femineae
392 2639 551 2690 Thermodon
561 2646 658 2706 cognite
668 2660 772 2707 turmae

206 2720 238 2769 Et
248 2716 372 2785 quondam
382 2718 477 2780 GraJ'is,
489 2718 575 2779 Phasi,
587 2723 662 2784 petite
672 2725 738 2774 viris.

171 2796 285 2862 Cumque
296 2795 453 2858 Borysthenio
464 2795 638 2861 liquidissimus
648 2817 718 2851 amne
727 2802 860 2870 Dyraspes,

189 2876 192 2881 ’
204 2874 235 2923 Et
243 2871 314 2923 tacite
323 2887 437 2937 peragens
448 2872 500 2920 lene
511 2872 650 2925 Melanthus
659 2879 714 2927 iter.

171 2952 266 3020 Quique
281 2950 339 3002 duas
351 2966 438 3011 terras,
454 2951 534 3001 Asiam
549 2952 688 3023 Cadmique
702 2960 809 3011 sororem
893 2978 921 3029 55

203 3032 315 3095 Separat,
335 3033 361 3081 oc
376 3030 457 3080 cursus
469 3031 533 3080 iuter
548 3045 676 3101 utramque
688 3035 758 3088 facit.

721 3119 783 3186 ρ,

898 1841 931 1886 4ο
