2334 3917
287 371 563 440 Tursrrvn
587 369 679 437 lin.
705 369 892 460 Ilsqrrp

185 491 262 554 Quem
272 490 356 556 procul
369 507 396 540 ur
406 488 467 541 vidit
476 490 571 540 rumulo
578 491 711 555 speculator
721 492 751 540 ab
761 491 812 540 alto
825 508 833 550 3

217 571 323 635 Hospes,
335 573 369 618 air
380 603 389 629 ,
399 570 473 618 nosco
485 603 494 626 ‚
508 565 647 626 Colchide,
662 568 732 622 vela,
744 570 820 620 venir.

183 647 250 698 Dum
262 646 384 712 trepidant
396 648 505 708 Minyae,
521 643 580 694 dum
599 646 700 695 solvitur
716 661 799 711 aggere
815 645 894 704 funis,

216 726 283 775 Dum
298 728 404 790 sequitur
419 725 507 773 celeres
519 712 628 774 anchora*
636 726 708 772 realia
719 739 819 780 manur3
849 745 860 761 x

86 826 87 879 p
185 802 288 854 Conscia
299 807 413 867 percussit
427 806 568 851 meritorum
579 804 674 865 peslero
685 799 799 858 Colchis,

217 882 279 931 Ausi
289 897 360 947 atque
373 881 457 932 ausuri
467 883 545 930 multa
555 878 658 928 nefanda
668 895 750 928 manu.

186 959 235 1018 Et,
254 976 400 1025 quamquam
420 960 520 1022 superest
534 961 617 1022 ingens
628 955 726 1006 audacia
739 958 831 1015 menti,

216 1038 296 1086 Pallor
304 1041 330 1086 in
343 1042 447 1088 attonito
460 1041 559 1101 virginis
572 1054 614 1085 ore
625 1035 700 1086 sedet.

184 1115 248 1180 Ergo
259 1116 299 1164 ubi
313 1117 434 1179 prospexit
443 1118 562 1165 venientia
571 1115 639 1172 vela;
659 1115 779 1164 Tenentur
789 1151 796 1175 ,
808 1103 811 1110 ¹

217 1193 248 1242 Et
259 1207 325 1257 pater
342 1195 375 1242 est
384 1193 465 1258 aliqui
478 1192 562 1242 fraude
572 1190 702 1242 morandus
714 1227 723 1252 ,
740 1197 781 1242 ait.
918 1215 949 1252 η

184 1269 251 1320 Dum
259 1269 333 1335 ‚quid
343 1286 407 1335 agat,
418 1274 519 1336 quaerir,
529 1270 589 1320 dum
598 1273 674 1320 verser
681 1273 706 1318 in
715 1273 896 1334 omniauultu53

216 1347 254 1397 Ad
263 1348 362 1398 fratrem
376 1351 431 1397 casu
442 1349 534 1398 lumina
546 1347 608 1398 flexa
620 1348 686 1398 tulit.

185 1425 261 1490 Cujus
279 1441 306 1475 ut
323 1426 405 1476 obluta
420 1428 453 1476 est
462 1429 606 1492 presentiam
624 1427 766 1488 vincimus,
783 1431 871 1495 inquit.

218 1503 265 1552 llic
278 1507 339 1552 milri
352 1520 431 1555 morte
441 1505 483 1554 sui
493 1507 561 1554 causa
572 1505 652 1556 salutis
663 1507 716 1556 erit.

183 1582 295 1632 Protinus
309 1586 385 1648 igniri
395 1618 403 1643 ,
414 1601 458 1632 nec
472 1583 606 1650 quidquam
615 1583 662 1632 tale
675 1585 798 1644 timentis,
920 1595 945 1644 ἒς

170 1717 176 1720 ‚
217 1661 351 1710 lnnoeuum
361 1659 441 1725 rigido
452 1661 558 1726 perforat
568 1663 621 1710 ense
632 1661 703 1710 larus.

183 1737 262 1804 Atque
273 1741 327 1797 ira,
346 1736 460 1792 divellit.
478 1738 617 1804 divulsaque
631 1739 739 1788 membra
752 1756 793 1804 per
804 1756 872 1804 agros

216 1814 339 1879 Dissipat,
356 1817 383 1864 in
398 1814 482 1864 multis
499 1813 642 1864 invenienda
660 1814 730 1864 locis.

184 1893 239 1944 Neu
256 1907 323 1958 pater
332 1894 431 1957 ‚ignoret
442 1927 451 1952 ‚
462 1893 561 1958 scopulo
572 1897 686 1957 proponit
696 1895 721 1942 in
729 1893 779 1942 alto

108 2033 111 2035 Α
216 1969 382 2036 Pallentesque
393 1986 494 2027 manus,
511 1971 714 2037 sanguineumque
728 1973 811 2036 kaput.
919 2002 951 2046 30.

182 2048 220 2098 Ut
232 2051 326 2113 genitor
336 2048 448 2113 lustuque
457 2065 523 2098 novo
534 2046 658 2109 tardetur,
669 2053 693 2098 δι
707 2064 770 2098 artus

216 2125 283 2175 Dum
292 2126 351 2191 legit
359 2126 501 2196 eustinstos,
514 2127 578 2176 triste
589 2141 696 2176 moretur
712 2130 765 2176 iter.

181 2202 243 2253 lude
261 2204 346 2253 Tomis
362 2201 438 2252 ditius
448 2203 577 2262 locus'est3
596 2209 652 2270 quie
664 2205 738 2254 fertur
749 2208 774 2254 in
791 2207 835 2255 illo

215 2280 329 2331 Membra
337 2282 405 2332 soror
415 2282 494 2332 fratris
501 2280 645 2332 consecuisse
657 2283 700 2334 sui.

196 2424 941 2502 *awa-u·

270 2599 274 2607 '
371 2583 627 2647 ELEGIA
666 2585 705 2647 X.

181 2673 226 2793 S
239 2760 248 2790 r
259 2744 313 2808 quie
322 2742 460 2795 adhucistic
469 2749 581 2796 meminit
592 2747 691 2798 Nasonis
700 2745 805 2808 ademri,

214 2820 247 2869 Er
260 2822 363 2886 superesi
370 2826 422 2872 eine
432 2840 472 2873 me
482 2840 573 2874 nornen
581 2828 608 2874 in
619 2825 684 2875 Urbe
694 2843 775 2876 meum
791 2846 798 2886 ς

174 2899 338 2963 Supposittrm
351 2899 423 2950 stellis
435 2916 567 2967 numquam
577 2903 729 2974 tangentibus
739 2921 836 2971 aequor,

212 2976 258 3026 Me
275 2978 334 3026 scier
343 2981 368 3027 in
379 2975 459 3028 medii
468 2982 548 3028 vivere
558 2981 673 3030 barbarie.

172 3056 329 3106 Sauromata
343 3059 461 3122 cingunt,
473 3055 588 3122 seregens
601 3092 611 3119 ,
621 3057 731 3124 Bessique
742 3093 750 3114 ,
762 3059 892 3128 Getaeque:
914 3086 924 3130 5

716 3138 776 3207 xij
