2334 3917
270 418 334 501 308
409 412 450 479 P.
474 412 631 493 Orruit
652 412 872 477 NAsours'

299 536 333 582 Te
351 532 401 581 fieri
419 535 534 581 comitem
553 530 634 580 stantis
650 534 676 579 ln
693 532 750 581 orbe
765 531 832 579 Deae.

265 614 356 677 finnus
377 626 415 669 est
431 614 474 669 δι,
490 613 606 676 quoniam
620 626 670 658 non
685 610 791 668 suntet,
803 604 983 673 qualiavellea,

297 689 357 739 Vela
379 692 439 753 regis
457 684 544 753 quallae
560 686 743 753 qualiacumque
758 688 823 734 ratis.

265 766 371 832 Quaeque
389 770 422 815 ita
438 760 549 814 concussa
566 764 616 824 est,
633 778 659 811 ut
673 768 721 829 jam
737 765 819 811 casura
829 777 944 829 putetur,

218 848 249 884 ⁶0
299 844 377 892 Restat
392 841 469 892 adhuc
487 844 593 889 humeris
609 840 669 888 i'ulta
682 842 750 887 ruina
762 842 818 889 tuis.

266 922 302 971 Ita
319 918 418 986 quidem
435 917 514 984 primo
529 918 607 966 fuerat
624 930 664 964 tua
678 917 753 982 julla,
769 934 813 966 nec
829 920 884 983 ipso

247 1010 253 1021 ·
300 998 404 1051 Lenior,
427 994 531 1044 offensus
549 998 592 1060 qui
608 996 668 1042 mihi
679 998 731 1058 iure
745 995 801 1043 fuit.

268 1077 362 1141 Quique
381 1074 451 1123 dolor
468 1075 545 1139 petius
565 1069 678 1137 tetigisset
692 1071 791 1121 Caesarts
808 1072 869 1131 alti,

301 1154 373 1202 Illum
386 1152 478 1217 jurabat
496 1153 604 1215 protinus
622 1147 668 1197 elle
683 1164 760 1199 tuum.

221 1235 249 1288 65
270 1230 303 1279 Ut
321 1242 401 1278 tamen
422 1226 503 1277 audita
518 1228 550 1275 est
565 1228 649 1277 nostrae
666 1228 711 1275 tibi
728 1225 802 1276 cladis
817 1230 910 1293 origo,

303 1307 395 1355 Diceris
406 1308 488 1354 erratis
499 1301 638 1368 ingemuisse
648 1308 716 1353 meis.

270 1386 334 1433 Tum
357 1399 397 1432 tua
416 1399 455 1430 me
471 1384 575 1445 primum
594 1382 666 1430 solati
682 1383 751 1431 litera
764 1385 854 1447 coepit3

302 1461 332 1509 Et
345 1460 426 1509 laesum
440 1458 500 1507 flecti
517 1461 581 1523 spem
599 1457 655 1508 dare
673 1458 739 1524 polle
756 1461 847 1509 Deum·
889 1480 893 1487 ·

271 1540 351 1588 Movit
369 1540 480 1589 amicitie
502 1552 554 1587 tum
575 1552 598 1587 te
620 1540 752 1587 constantia
767 1538 863 1601 longe,

222 1627 253 1674 70
303 1617 363 1665 Ante
385 1629 438 1665 tuos
456 1630 591 1681 ortusque
608 1616 669 1663 mihi
686 1605 766 1681 copta
781 1615 837 1663 fuit.

271 1694 301 1743 Et
318 1691 385 1759 quod
403 1707 452 1743 eras
471 1693 524 1742 aliis
543 1694 635 1752 factus,
654 1695 715 1741 mihi
734 1707 804 1741 natur
821 1696 937 1743 amicust

304 1770 425 1837 Quodque
446 1774 490 1821 tibi
508 1774 533 1821 in
546 1773 613 1819 cunis
630 1770 712 1819 oscula
725 1773 803 1835 prima
817 1769 882 1832 dedi.

200 1870 201 1873 ¹
272 1847 360 1908 Qudd,
372 1849 427 1897 ctlrn
435 1849 510 1898 vestra
519 1846 606 1897 domus
615 1851 699 1897 teneris
708 1849 768 1896 mihi
777 1850 867 1913 semper
879 1850 909 1897 ab
919 1849 985 1899 annis

305 1925 380 1976 Culta
398 1930 448 1985 sit,
464 1924 510 1974 effe
521 1941 589 1974 vetus
605 1942 669 1973 nunc
685 1928 729 1974 tibi
745 1942 820 1989 cogor
833 1943 904 1975 onus.

224 2020 252 2067 75
273 2003 315 2063 Me
331 2017 384 2050 tuus
399 2002 441 2051 ille
452 2016 537 2067 pater,
556 1995 629 2052 Lutiae¹
641 2001 753 2053 facundia
763 2004 865 2072 lingue,

305 2080 365 2141 Quae
374 2098 424 2131 non
434 2081 534 2131 inferior
544 2082 670 2131 nobilitate
680 2082 744 2143 fuit,

273 2158 385 2219 Primus,
407 2174 434 2207 ut
454 2158 566 2209 auderem
583 2165 735 2211 committere
750 2164 856 2211 carmina
867 2164 963 2223 Famae,

306 2236 405 2303 Impulit
416 2256 423 2285 a
434 2241 525 2303 iugenil
541 2237 589 2287 dux
604 2239 651 2288 fuit
662 2239 704 2289 ille
717 2244 773 2288 mel.

275 2314 344 2375 Nec,
355 2333 404 2381 quo
416 2319 446 2365 sit
456 2316 561 2380 primtltn
572 2319 642 2365 nobis
653 2333 666 2365 a
681 2333 789 2382 tempore
800 2319 892 2378 cultus,

227 2404 257 2449 30
308 2392 439 2443 Contendo
458 2393 556 2442 fratrem
573 2391 639 2459 polle
659 2394 747 2443 referte
764 2410 842 2443 tuum.

277 2472 312 2521 Te
333 2486 412 2521 tamen
429 2488 482 2520 ante
501 2488 585 2521 omues
606 2476 640 2522 ita
659 2474 711 2521 sum
726 2474 878 2538 complexus,
893 2487 988 2529 utunttt

309 2548 425 2609 Quolibet
439 2552 464 2597 in
482 2552 536 2599 casu
555 2553 630 2613 gratia
643 2550 722 2600 nostra
740 2550 812 2599 foret.

276 2626 371 2686 Ultima
389 2644 428 2675 me
446 2642 524 2675 tecum
540 2626 618 2687 vidit,
636 2627 768 2692 maestisque
785 2626 896 2678 cadentes

309 2704 409 2768 Excepit
425 2704 541 2767 lacrymas
557 2705 660 2753 AEthalis
677 2705 729 2754 llta
743 2709 818 2769 genis.

230 2789 259 2850 ³5
279 2782 344 2833 Ctlm
361 2785 405 2831 tibi
420 2777 554 2849 quaerenti,
572 2798 632 2831 num
648 2798 717 2832 verus
731 2787 831 2832 nuncius
843 2782 918 2846 effet,

311 2862 430 2909 Attulerat
450 2860 525 2925 culpae
543 2876 617 2926 quem
635 2859 698 2908 mala
715 2860 779 2909 fama
797 2877 876 2919 meae3

280 2938 344 2987 Inter
356 2936 490 2987 confessum
501 2936 594 2998 dubii,
609 2936 727 3003 dubiique
744 2953 890 3003 negantem,

311 3014 457 3075 Haerebam,
472 3014 570 3081 pavidas
589 3013 661 3064 dante
679 3018 767 3063 timore
781 3030 872 3064 notas:

280 3093 443 3159 Exemploque
459 3096 536 3156 nivis,
550 3108 626 3161 quam
641 3092 715 3147 solvit
728 3095 852 3161 aquaticus
863 3092 947 3144 Auster
955 3128 969 3157 ,
