2334 3917
273 406 337 490 368
393 400 436 468 P.
468 398 624 468 Ovium
649 401 848 468 Nasoms

223 526 269 573 ¹3⁰
302 521 397 575 Sidera,
409 520 504 571 solicito
515 537 573 586 quas
585 520 669 570 damus
683 538 741 580 ote,
756 533 848 586 preces.

270 602 409 651 Perveniant
421 600 479 648 illuc
492 602 515 649 bt
531 602 637 649 carmina
649 599 748 648 forsitan
766 598 826 657 illa,

301 678 360 739 Qut
375 675 404 727 cle
418 690 441 727 te
455 680 510 726 misi
524 678 605 726 coelite
620 676 680 727 fassa
694 693 769 727 novo.

267 758 378 821 Auguror
388 758 423 804 bis
432 758 504 820 igitur
513 754 574 804 flesti
583 770 624 804 tua
634 758 748 814 numina,
761 770 805 803 uec
818 768 847 803 tu

301 832 428 884 Immeritis
438 850 528 884 nomen
538 836 713 883 mitePatentis
723 834 806 882 babes.

271 964 990 1039 αππξὲῆἶρΕΕΕὲ-ὲῆ

424 1110 844 1175 EPISTOLAX.

389 1257 875 1322 ALBINOVANO.

272 1346 385 1467 Huc
400 1420 461 1469 mihi
475 1419 612 1471 Cimmerio
624 1420 659 1469 bis
674 1425 743 1472 tertia
758 1420 854 1471 ducitur
866 1412 936 1468 astae
986 1418 990 1427 ’

304 1495 400 1558 Litore,
413 1497 509 1563 pellitos
521 1501 582 1549 inter
593 1497 685 1565 agenda
694 1501 776 1549 Getas.

272 1572 367 1639 Ecquos
379 1589 405 1625 tu
418 1576 513 1637 silices,
530 1576 639 1644 ecquod,
653 1580 790 1639 carissime,
805 1576 896 1626 ferreum

306 1650 407 1703 Duritia
419 1655 533 1717 confers,
549 1655 716 1710 Albinovane,
733 1662 811 1707 meat?

242 1731 253 1777 s
273 1726 348 1779 Gutta
359 1744 427 1779 cavat
437 1728 559 1795 lapidem,
572 1733 720 1781 consumitur
734 1730 834 1780 anuulus
846 1732 907 1790 usu,

306 1806 337 1859 Et
349 1811 432 1859 teritur
447 1808 525 1875 preses
537 1826 622 1861 vomer
632 1810 737 1861 aduncus
750 1813 836 1859 humo.

274 1884 450 1951 Tempuscdau
462 1890 553 1953 igitur,
567 1904 652 1955 ptaetet
666 1905 729 1949 uos,
745 1890 828 1937 omnia
841 1884 945 1952 perdet!

310 1962 392 2017 Cessat
409 1962 498 2015 durius
513 1966 581 2015 Mors
596 1983 693 2033 quoque
708 1968 770 2018 visia
787 1965 849 2015 mei.

273 2042 416 2109 Exemplum
430 2043 462 2091 ell
475 2047 549 2093 animi
559 2045 785 2110 nimiimpafieuds
797 2040 909 2107 Ulysses,

227 2140 257 2175 te
307 2123 407 2172 satiatus
419 2119 493 2169 dubio
506 2138 546 2185 pet
560 2120 610 2171 duo
622 2122 693 2171 lustra
706 2126 776 2171 mari.

275 2202 396 2263 Tempota
409 2196 496 2247 soliciti
511 2196 552 2247 sed
567 2215 617 2247 uon
633 2214 714 2251 tumen
728 2203 811 2249 omnia
829 2198 872 2249 sati

309 2275 425 2333 Pertulit3
441 2279 465 2324 be
482 2272 582 2341 placida
599 2279 658 2341 saepe
673 2277 739 2327 fuere
753 2293 836 2327 mota.

275 2357 312 2409 An
328 2355 449 2421 gravescit
467 2356 534 2405 aunis
547 2353 672 2419 pulchram
686 2354 772 2404 fovisse
787 2355 913 2420 Calypso,

311 2434 483 2501 AEquoteaeque
498 2432 545 2483 fuit
559 2431 712 2483 concubuisse
727 2432 800 2485 Deae?

201 2542 204 2549 ·
230 2530 256 2578 ¹5
276 2514 369 2578 Excipit
384 2509 550 2577 Hippotades,
566 2514 608 2577 qui
623 2509 664 2563 dat
681 2528 725 2576 pto
740 2528 838 2560 munere
856 2523 959 2565 ventos.

309 2590 401 2641 Gutvet
414 2604 440 2639 ut
457 2589 572 2655 impulsos
591 2589 656 2639 utilis
668 2606 724 2640 aura
739 2592 815 2642 sinus.

276 2668 328 2718 Nec
345 2668 403 2717 bene
418 2678 539 2718 cantantes
555 2666 623 2719 labor
638 2667 671 2718 est
684 2664 775 2718 audisse
789 2666 898 2734 puellas5
983 2678 987 2683 '

310 2746 361 2795 Nec
377 2744 509 2812 degustanti
526 2746 590 2795 lotos
603 2764 683 2797 astiata
698 2746 754 2795 suit.

266 2824 329 2873 ‘Hos
344 2840 404 2889 ego,
418 2827 460 2889 qui
474 2826 556 2889 patriae
574 2822 665 2873 faciant
679 2823 787 2880 oblivia,
804 2826 889 2873 succos

231 2924 261 2958 20
311 2902 378 2950 Parte
388 2904 527 2962 meavisse,
541 2905 560 2951 si
573 2899 649 2961 modb
666 2900 768 2961 dentur,
784 2918 873 2950 emam.

279 2980 330 3030 Nec
342 2994 368 3029 tu
380 2978 508 3031 contuleris
526 2981 612 3029 urbem
626 2979 783 3045 Laestrygonis
797 2995 915 3043 umquam

315 3057 448 3121 Gentibus,
464 3057 565 3129 obliqui
580 3074 639 3127 quas
652 3058 706 3112 obit
717 3056 773 3109 Ister
787 3056 858 3127 aqui.
