2334 3917
281 368 421 437 Error.
437 368 655 437 rrrPorrro
671 368 707 437 l.
723 372 793 439 III.
831 329 896 458 μς

215 486 331 549 Clarius,
354 506 453 554 excepto
466 490 575 549 Caesare,
588 490 692 539 mundus
704 494 784 541 habet.

181 564 274 629 Eligito
285 584 395 632 tempus,
413 582 535 633 captatum
547 570 624 635 saepe,
639 568 738 634 rogandi
749 605 758 630 ,

216 643 310 694 Haereat
320 644 419 695 adversi
430 663 459 694 ne
472 661 511 695 tua
523 650 589 695 navis
601 647 672 712 aquai.
904 644 951 688 ¹3⁰

182 720 241 770 Non
252 725 343 789 semper
355 725 429 773 sacras
440 721 544 773 reddunt
559 726 656 773 oracula
669 727 758 784 sortes3

216 800 314 866 Ipsaque
324 819 374 850 non
386 804 574 866 omnitempore
587 803 641 851 fana
652 819 743 867 patent.

183 876 250 926 Crim
268 879 338 927 slatus
350 878 421 927 Urbis
433 880 478 926 erit
491 914 498 937 ,
516 879 613 944 qualern
625 896 688 928 nunc
699 895 802 944 auguror
811 875 875 938 effe,

217 956 248 1005 Et
261 956 341 1005 nullus
353 956 436 1021 populi
444 958 571 1005 contrahet
582 974 624 1005 ora
636 956 707 1006 dolor
718 974 726 1014 3

184 1032 250 1083 Ctirn
269 1032 355 1083 domus
368 1034 464 1098 Augusti
474 1069 482 1092 ‚
494 1033 605 1097 Capitoli
616 1052 682 1083 more
695 1031 797 1108 colenda
811 1067 819 1092 ,
903 1046 946 1091 ¹³5

217 1110 295 1171 Laete,
313 1111 380 1179 quod
392 1114 423 1161 est
433 1119 442 1171 <
453 1099 483 1161 Ιδι
495 1116 526 1161 sit
537 1113 544 1161 l
558 1114 567 1179 )
581 1113 698 1177 plenaque
709 1114 772 1178 pacis
785 1114 838 1161 erit.

183 1190 248 1237 Tum
260 1191 303 1238 tibi
315 1190 349 1239 Di
361 1190 450 1239 iaciant
458 1188 563 1239 adeundi
575 1195 646 1256 copia
658 1190 718 1250 siat,

216 1266 352 1316 ProfeClura
361 1266 455 1333 aliquid
465 1285 517 1317 turn
529 1284 569 1318 tua
579 1270 654 1318 verba
664 1285 731 1334 puta.
793 1330 802 1339 .

184 1344 208 1393 Si
221 1342 280 1409 quid
291 1359 345 1409 aget
356 1350 447 1409 majus,
463 1344 532 1395 differ
544 1363 584 1396 tua
597 1363 690 1412 ccepta3
702 1363 806 1412 caveque

217 1424 287 1485 Spem
299 1422 432 1473 festinando
443 1428 591 1489 praecipitare
604 1443 693 1476 meam.
903 1436 953 1485 ¹40

185 1496 237 1545 Nec
249 1502 325 1547 rursus
336 1501 425 1564 Jubeo,
437 1500 496 1549 dum
507 1505 537 1551 sit
549 1507 690 1553 vacuissima
703 1539 711 1563 ‚
724 1519 827 1570 querat:

217 1574 334 1641 Corporis
349 1576 380 1626 ad
398 1595 480 1627 curam
491 1584 530 1629 vix
540 1597 610 1632 vacat
624 1581 666 1630 illa
677 1583 721 1630 sui.

188 1653 264 1705 Curia
275 1654 330 1703 etim
342 1657 449 1705 Patribus
459 1656 531 1707 fuerit
542 1659 626 1723 stipata
637 1658 760 1715 verendis,

218 1733 261 1781 Per
272 1750 351 1782 rerum
363 1736 457 1783 turbam
469 1751 494 1783 tu
505 1753 601 1802 quoque
611 1772 619 1794 ‚
631 1753 745 1802 oportet,
757 1753 805 1787 eae.

191 1808 256 1860 Ctim
269 1814 312 1860 tibi
323 1815 452 1877 contigerit
464 1813 559 1863 vultum
569 1814 669 1863 lunonis
681 1813 762 1876 adire,
906 1826 948 1874 ¹45

218 1889 263 1938 Fac
275 1893 305 1939 sis
317 1892 437 1955 personae,
454 1908 527 1957 quam
539 1908 635 1953 tueare,
650 1894 744 1943 memor
756 1928 764 1954 ‚

184 1966 235 2017 Nec
246 1968 335 2018 facium
345 1966 448 2018 defende
459 1986 556 2019 meum:
569 1970 634 2021 mala
647 1974 716 2022 causa
727 1970 818 2022 silenda
828 1973 868 2022 est.

148 2058 149 2063 ’
216 2047 259 2095 Nil
274 2051 319 2096 nisi
337 2048 436 2097 solicitae
451 2050 499 2098 sint
511 2064 550 2097 tua
560 2052 633 2099 verba
644 2068 733 2115 preces.

184 2126 249 2174 Tum
260 2124 371 2188 lacrymis
385 2124 504 2178 demenda
517 2144 583 2177 mora
597 2129 646 2177 est:
662 2125 823 2195 submissaque
835 2145 901 2178 terrae

216 2201 255 2251 Ad
268 2219 318 2252 non
334 2204 446 2253 mortales
455 2207 550 2255 brachia
563 2205 633 2256 tende
643 2206 723 2271 pedes.
906 2216 953 2262 ¹50

185 2280 249 2329 Tum
266 2296 319 2344 pete
337 2281 371 2330 nil
380 2282 448 2331 aliud
460 2318 468 2340 ,
488 2285 549 2333 sevo
560 2287 605 2332 nisi
617 2286 646 2332 ab
658 2285 724 2333 holle
736 2284 845 2333 recedam
856 2303 869 2366 p

217 2356 317 2403 Hostem
333 2357 462 2406 Fortunam
474 2363 504 2407 sit
515 2362 569 2409 satis
581 2358 627 2408 effe
638 2365 708 2410 mihi.

78 2446 79 2455 ¹
135 2439 140 2449 ⁵
184 2432 255 2481 Plura
267 2430 367 2497 quidem
376 2435 494 2484 subeunt:
511 2434 569 2496 sed,
588 2442 638 2502 Jam
655 2442 750 2488 turbata
764 2443 867 2499 timore,

156 2554 167 2575 ,
189 2568 190 2571 ¹
217 2510 275 2559 Haec
294 2526 390 2576 quoqne
406 2514 445 2561 vix
457 2516 545 2577 poteris
560 2532 602 2563 ore
619 2516 734 2566 tremente
747 2518 823 2583 loqui.

186 2589 296 2653 Suspicor
305 2589 352 2637 hoc
364 2586 453 2639 damno
465 2593 510 2639 tibi
522 2609 571 2641 non
585 2593 636 2642 fore
648 2612 654 2642 ε
667 2596 753 2645 sentiat
763 2596 809 2645 Illa
904 2609 947 2656 ¹55

217 2668 253 2715 Te
266 2665 410 2732 majestatem
422 2668 568 2733 pertimuisse
579 2672 654 2721 snam.

185 2742 236 2794 Nec
249 2759 288 2794 tua
299 2745 317 2793 ei
328 2743 386 2793 lietu
395 2743 532 2796 scindentur
543 2751 631 2803 rerba,
644 2752 751 2801 nocebit.

218 2818 342 2873 Interdum
352 2820 465 2884 lacryma
478 2822 585 2889 pondera
596 2829 662 2875 vocie
671 2829 770 2878 habent.

185 2901 236 2949 Lux
254 2902 327 2949 etiam
342 2902 426 2964 coeptis
441 2899 515 2950 facito
524 2903 590 2951 bona
605 2902 692 2953 talibus
702 2902 784 2966 adrit,

215 2980 328 3045 Horaque
339 2980 482 3029 convenient
495 3014 503 3038 ,
519 2980 698 3053 auspiciumque
711 2982 802 3035 favens.
905 2993 950 3031 160

187 3052 325 3122 Scriptus,
339 3058 455 3126 imposito
468 3058 552 3111 sannis
566 3059 681 3111 altaribus
694 3063 760 3129 igni.
