2334 3917
258 360 775 447 metonomiam.
813 398 876 467 143

196 496 330 567 Naeniaque
344 499 369 545 in
382 494 491 545 volueres
503 493 582 545 Marsa
596 492 682 559 figurat
691 511 769 554 anus;

161 576 194 629 In
206 576 323 626 thalamos
333 591 418 623 venere
431 574 519 621 Procae.
533 574 624 632 Prota,
636 588 704 623 natus
713 576 740 623 io
750 574 815 631 illis,

198 651 279 703 Praeda
292 654 463 701 recentarium
474 653 580 717 quinque
591 649 673 699 diebus
686 666 745 701 erat.

163 732 310 797 Pedioraque
321 731 446 779 exsorbent
458 726 533 777 avidis
543 727 645 778 infantia
655 729 752 796 linguis.
887 746 930 793 145

200 810 238 859 At·
249 825 306 873 puer
324 806 408 857 infelix
418 809 500 871 vagit,
520 822 639 871 opemque
653 810 722 870 petit.

167 886 262 938 Territa
273 902 332 934 voce
344 887 379 933 sui
395 886 475 935 nutrix
488 886 591 933 accurrit
604 883 694 935 alumni
702 920 712 945 ,

202 961 318 1028 Etrigido
330 964 400 1012 sectas
408 964 500 1011 invenit
511 976 590 1026 ungue
603 977 684 1025 genas.

168 1039 237 1103 Quid
251 1040 339 1091 faceret
349 1044 358 1090 i
368 1039 436 1089 color
445 1043 492 1089 oris
502 1055 566 1098 erat,
576 1043 617 1111 qui
628 1036 754 1089 frondibus
766 1040 828 1091 olim

204 1114 256 1167 Esse
268 1119 328 1168 solet
343 1121 414 1179 seris,
428 1133 485 1186 quas
494 1132 556 1165 nova
567 1116 628 1166 laesit
640 1120 725 1167 hiems.
892 1122 938 1170 ¹50

169 1194 282 1247 Pervenit
293 1190 323 1241 ad
335 1192 446 1249 Cranen,
460 1194 483 1239 δι
494 1207 544 1239 rem
556 1188 629 1242 dotet
642 1208 647 1236 :
658 1190 716 1250 illa,
728 1191 856 1247 Timorem

204 1272 270 1319 Pone
282 1288 290 1329 3
307 1286 359 1320 tuus
374 1271 465 1333 sospes,
479 1266 555 1326 dixit,
568 1269 679 1317 alumnus
690 1272 744 1320 erit.

171 1345 278 1395 Venerat
289 1342 319 1394 ad
333 1361 420 1393 cunas:
434 1342 521 1391 flebant
532 1356 656 1408 materque
668 1359 791 1411 paterque.

207 1422 284 1470 Sistite
297 1438 340 1471 vos
348 1421 478 1483 lacrymas,
489 1422 538 1484 ipsa
545 1419 672 1481 medebor,
685 1425 727 1471 ait.

172 1497 286 1546 Protinus
298 1497 395 1551 arbutei
407 1494 482 1559 postes
493 1510 528 1543 ter
540 1498 564 1543 in
576 1493 660 1543 ordine
671 1500 748 1562 tangit
893 1517 934 1563 ¹55

210 1572 317 1624 Fronde:
330 1589 365 1624 ter
374 1572 472 1623 arbutea
484 1572 568 1622 limina
579 1570 665 1624 fronde
674 1590 752 1624 notat.

173 1654 270 1719 spargit
281 1655 348 1719 aquis
362 1649 454 1711 aditus,
468 1649 567 1717 sedquae
576 1649 727 1706 medicamen
738 1653 874 1715 habebant3

211 1730 317 1801 Extaque
329 1728 358 1779 de
370 1746 442 1795 porca
452 1728 525 1783 cruda
536 1730 645 1778 bimestre
656 1745 730 1780 tenet.

176 1809 257 1875 Atque
271 1814 320 1870 ita,
336 1808 419 1857 Nouis
430 1823 483 1860 aves
495 1841 502 1866 ,
517 1810 575 1855 extis
585 1808 733 1878 puerilibus,
746 1811 845 1875 inquit,

213 1889 320 1937 Parcite:
332 1903 376 1952 pro
388 1902 462 1952 parvo
472 1887 569 1939 viilima
581 1900 651 1955 parua
662 1885 735 1936 cadit.
899 1899 943 1940 1⁶0

179 1966 233 2018 Cor
241 1984 284 2032 pro
295 1964 382 2019 corde,
394 1981 478 2035 precor
490 2000 498 2025 ,
514 1982 557 2035 pro
572 1962 637 2014 fibris
649 1965 734 2016 sumite
743 1965 822 2017 fibras.

215 2044 282 2093 llanc
294 2048 399 2096 animam
407 2046 474 2094 vobis
482 2060 525 2109 pro
534 2042 634 2093 meliore
642 2042 736 2093 damus.

180 2122 220 2171 sic
235 2123 276 2169 ubi
293 2121 394 2183 libavit,
406 2122 511 2186 prosesia
521 2122 562 2169 sub
572 2123 660 2170 aethere
671 2126 743 2186 ponit
754 2141 762 2182 3

216 2199 311 2265 Quique
323 2202 392 2256 saeris
402 2198 488 2249 adsunt
498 2234 508 2263 ‚
519 2200 633 2265 respicere
643 2200 767 2257 illavetat,
902 2259 907 2271 ,

182 2278 303 2344 virgaque
313 2278 399 2327 lanalis
408 2277 437 2328 de
446 2279 512 2343 spiud
521 2278 702 2340 sunntnralb2i3
902 2298 944 2352 ¹⁶5

218 2356 273 2417 Qud
284 2358 364 2412 lumen
375 2356 485 2407 thalamis
497 2374 567 2422 parva
579 2356 678 2407 fenestra
688 2356 770 2409 dabat.

183 2434 241 2485 Post
251 2432 313 2483 illud
320 2451 364 2483 nec
373 2452 426 2486 aves
434 2450 505 2484 cunas
516 2433 615 2483 violasse
623 2434 730 2485 feruntur
740 2454 750 2496 3

219 2513 250 2562 Er
267 2510 337 2563 rediit
347 2530 437 2578 puero,
454 2516 496 2579 qui
510 2512 638 2574 sonante,
650 2514 728 2565 color.

184 2591 287 2657 Pinguia
298 2608 340 2641 cur
355 2592 404 2641 illia
414 2592 535 2657 gustentur
546 2590 612 2641 larda
624 2591 733 2642 xalendis
745 2628 755 2654 ‚

221 2669 345 2739 Mixtaque
356 2687 411 2721 cum
425 2669 504 2720 calido
516 2674 546 2720 sit
557 2670 612 2720 saba
623 2670 702 2731 farre,
716 2676 801 2737 rogari
904 2700 949 2745 170

187 2748 268 2798 Prisca
277 2748 329 2800 Dea
340 2748 389 2808 est3
400 2748 517 2822 aliturque
528 2750 601 2804 cibis,
611 2750 696 2814 quibus
709 2766 763 2799 ante
775 2752 866 2807 solebat
877 2774 885 2817 3

222 2828 273 2877 Nec
283 2830 345 2892 perir
359 2826 458 2879 adscitas
471 2825 683 2892 luxuriosa'dapes.

189 2904 263 2955 Piscis
272 2904 350 2955 adhuc
360 2905 396 2955 illi
404 2906 549 2971 populosine
560 2903 643 2955 fraude
649 2906 763 2971 natabat,

224 2984 351 3051 ostreaque
360 2986 386 3034 in
397 2987 495 3038 conchis
506 3000 556 3034 tuta
564 2983 629 3037 fuere
636 2986 691 3035 suit.

190 3060 245 3113 Nee
262 3062 359 3115 Latium
369 3062 440 3116 ndrat
451 3099 460 3121 ,
475 3081 547 3133 quaro
558 3066 647 3135 praebet
657 3066 725 3121 Ionia
735 3064 817 3131 dives,
828 3100 838 3125 r
905 3098 948 3145 ¹75

1065 301 1068 364 l
