2334 3917
294 340 434 413 Erret.
459 358 515 410 tx
534 341 687 410 Pouro
712 342 751 412 L.
770 343 840 414 IV.
865 352 934 436 375⁴

252 460 321 514 Sexta
332 465 462 530 relegatum
477 467 560 514 bruma
571 467 614 514 sub
623 482 664 514 axe
677 462 752 515 viden
933 469 969 516 ⁴⁰

218 536 333 592 Carmina
343 545 376 593 nil
387 546 485 610 prosunt
497 563 502 592 :
514 558 647 592 nocuerunt
658 546 764 595 carmina
771 541 896 611 quondam
908 561 916 593 a

251 621 376 688 Primaque
388 637 436 672 tam
448 624 538 672 miserae
550 624 619 670 causa
630 621 693 671 fuere
705 622 776 686 fugae.

217 697 249 746 At
260 713 285 746 tu
295 716 336 763 per
347 698 416 748 studii
428 703 567 750 communia
577 697 669 749 suadeta
681 702 739 748 sacri
744 733 754 756 ,

250 776 294 823 Per
305 791 355 824 nnn
365 777 413 826 vile
423 779 467 826 tibi
475 794 565 826 nomeu
574 781 704 836 amicitiae3

216 853 254 902 sic
265 869 337 918 capto
348 856 421 904 Latiis
432 858 589 905 Germanicus
598 856 663 904 hoste
674 858 779 916 catenis,
932 872 961 921 4,

246 933 375 984 Materiam
385 935 465 985 vestris
475 933 559 984 afferat
568 936 686 999 ingeniit3

215 1011 254 1060 sic
265 1012 361 1062 valeant
369 1017 436 1079 putri
446 1048 454 1073 ,
464 1029 549 1062 votum
560 1029 690 1061 commune
700 1011 827 1070 Deorum,

247 1090 315 1150 Quos
326 1092 376 1142 laus
386 1089 527 1141 formandos
536 1091 568 1140 est
579 1092 622 1140 tibi
633 1107 720 1156 magna
730 1088 817 1146 daton

216 1165 311 1227 Quanta
321 1185 388 1234 poter
399 1171 475 1234 praebe
487 1171 570 1219 nostrae
581 1182 705 1217 momenta
716 1167 787 1216 saluti
798 1184 805 1215 a

252 1244 328 1306 Qua,
339 1250 384 1295 nisi
394 1262 503 1308 mutato,
513 1248 581 1298 nulla
593 1248 673 1296 sutura
684 1246 741 1295 loeo
752 1245 794 1294 est.
934 1253 970 1302 50

231 1377 890 1451 ‹az-rcafflff-.‘
822 1394 910 1434 -Ἲ

310 1520 649 1584 EPIST'OLA
708 1520 834 1583 xlv.

386 1679 768 1742 TUTICANO.

218 1783 326 1904 Haut
335 1855 379 1905 tibi
385 1857 514 1906 mittuntur
522 1891 529 1916 ,
538 1872 610 1922 quem
619 1857 670 1904 sum
677 1853 961 1921 modicarrnin'equestua

249 1932 308 1981 Non
319 1949 402 1999 aptum
414 1938 517 1985 numetis
527 1951 617 1984 nomen
624 1935 710 1983 habere
719 1935 786 1982 meis.

214 2012 242 2060 ln
254 2015 340 2080 quibus
351 2048 359 2072 ,
371 2030 470 2081 excepto
481 2013 547 2082 quod
560 2013 638 2064 adhuc
650 2029 779 2078 utcumque
790 2012 914 2070 valemus,

247 2093 290 2140 Nil
300 2127 308 2151 ,
323 2108 345 2141 te
356 2108 469 2159 praeterea
478 2093 545 2160 quod
554 2097 635 2158 juvet,
647 2095 761 2142 iuvenies.
867 2154 872 2166 ι

214 2170 266 2235 Ipsa
277 2187 373 2238 quoque
385 2173 417 2221 est
427 2174 502 2221 invisa
513 2171 573 2221 salut
589 2191 596 2220 a
608 2175 709 2237 suntque
720 2170 805 2220 ultima
814 2183 889 2229 tota,
949 2181 961 2228 5

247 2247 364 2306 Quolibet
375 2267 402 2298 ex
413 2250 460 2298 istis
469 2250 560 2300 scilicet
572 2253 606 2300 ire
616 2250 686 2299 lotia.

215 2322 292 2373 Nulla
302 2329 362 2374 mihi
373 2343 429 2376 cura
439 2327 484 2383 est,
495 2328 556 2377 terri
566 2328 642 2394 quim
652 2342 730 2376 muter
738 2341 764 2376 ut
771 2323 833 2385 iss23

249 2401 302 2450 flac
315 2407 388 2467 quia,
400 2420 472 2469 quana
482 2403 555 2455 video
564 2441 572 2464 ,
581 2409 671 2472 gratior
681 2406 760 2454 omnis
771 2406 825 2452 etit.

216 2477 246 2528 lu
256 2477 346 2529 mediat
356 2483 451 2543 Syrtes,
461 2481 564 2533 mediam
575 2500 628 2533 mea
637 2483 691 2534 vela
700 2479 845 2544 Charybdin

248 2558 358 2617 Mittite,
369 2561 476 2624 presenti
487 2559 545 2610 dum
558 2577 678 2610 careamus
688 2563 774 2610 humo.
929 2572 964 2610 ae

215 2636 274 2699 Styx
283 2653 394 2703 quoque,
403 2641 422 2686 ai
431 2637 490 2705 quid
498 2657 525 2689 ea
532 2641 580 2699 est,
591 2642 650 2688 bene
657 2638 847 2688 commutabitur
854 2635 928 2688 Istro}

247 2717 271 2764 Si
282 2715 341 2781 quid
352 2721 377 2766 δι
387 2717 500 2780 inferius,
513 2717 588 2784 quina
601 2721 674 2784 Styga
684 2715 787 2766 mundus
799 2717 880 2765 habet.

214 2795 329 2846 Gramina
340 2795 418 2846 cultus
427 2813 491 2861 ager,
507 2797 580 2862 frigus
592 2796 670 2846 minut
680 2795 733 2845 odit
743 2789 864 2851 hirundo.

246 2875 357 2924 Proxima
368 2876 502 2926 Marticolis
511 2875 585 2941 quim
596 2875 650 2924 loca
661 2873 727 2924 Naso
737 2873 814 2922 Getis.

213 2952 283 3003 Talia
291 2955 429 3004 succensent
438 2969 534 3020 propter
543 2955 605 3002 mihi
616 2955 688 3004 verba
697 2952 821 3014 sumite,
929 2975 956 3025 ¹1

246 3031 329 3098 iraque
339 3034 483 3086 carminibus
493 3033 592 3100 publica
600 3047 669 3084 mota
676 3031 747 3085 meir.
