2334 3917
266 406 334 467 320
407 385 450 453 Ρ.
478 385 633 454 Ovrnrr
659 390 854 456 NAsourr

262 502 390 555 Fortunam
407 504 477 557 decet
491 509 537 557 hoc
551 508 620 559 istam
635 527 643 557 z
658 526 711 575 quae
722 496 828 559 maxima
837 508 894 558 culm
905 508 953 567 sit,

293 578 346 631 tue
356 584 432 649 potest
441 587 523 635 animo
533 589 574 635 vix
587 602 666 635 tamen
676 602 745 652 aqua
755 602 807 636 tuo.

219 664 243 713 ¹5
264 657 418 725 Conspicitur
432 678 565 729 numquam
579 666 680 714 meliore
689 655 797 729 potentia
809 664 899 723 causi,

295 737 377 799 Qudtn
393 744 487 806 quoties
501 759 573 792 vanas
588 759 640 791 non
658 745 714 795 sinit
728 739 775 791 ess'e
791 758 880 806 preces.

262 814 316 863 Hoc
336 820 401 867 nitor
417 818 460 867 ille
478 823 512 868 tui
531 824 623 884 generis
643 818 765 870 desiderat
776 839 783 869 t
794 822 843 868 hoe
853 818 887 868 est

295 892 317 945 A
337 888 439 960 Superis
449 912 509 947 ortte
526 898 663 947 nobilitatis
677 913 748 962 opus.

263 970 318 1021 Hoc
337 974 381 1021 tibi
399 978 423 1023 dt
441 972 595 1039 Eumolpus,
612 978 703 1039 generis
723 974 867 1025 clarissimus
884 975 979 1033 audior,

216 1051 247 1084 ²0
294 1048 344 1110 Et,
354 1051 419 1115 prior
433 1050 571 1117 Eumolpo,
590 1049 673 1101 suadet
692 1051 872 1101 Erichthonius.

263 1126 318 1178 lios
328 1142 409 1189 tecum
420 1146 549 1179 commune
559 1128 615 1179 Deo
631 1148 638 1178 t
654 1128 722 1195 quod
737 1144 836 1194 uterque
851 1130 948 1193 rogati,

296 1206 446 1271 Supplicibus
462 1208 542 1257 vestris
560 1208 621 1257 ferre
637 1208 719 1257 soletis
734 1223 816 1272 opem.

264 1281 391 1350 Numquid
402 1289 446 1335 etit
456 1321 464 1345 ‚
473 1302 546 1352 quare
555 1286 630 1337 solito
641 1284 769 1350 dignemur
779 1287 873 1334 honore

296 1359 421 1421 Numina,
437 1364 457 1409 si
470 1360 551 1411 demas
561 1362 624 1411 velle
636 1365 717 1426 juvare
728 1361 808 1412 Deos?

218 1448 245 1495 ²1
265 1438 372 1502 luppiter
385 1441 465 1487 oranti
482 1436 563 1488 surdas
580 1442 600 1487 si
615 1440 718 1505 praebeat
730 1453 814 1496 aures,

297 1515 401 1565 vuum
419 1532 462 1581 pro
477 1516 569 1581 templo
586 1513 630 1565 ¹cut
648 1515 720 1567 cadat
735 1519 780 1565 itta
794 1516 879 1564 lovis?

265 1595 290 1645 Si
306 1610 389 1658 pacem
405 1592 498 1643 nullam
515 1595 606 1645 Pontus
624 1596 685 1644 mihi
703 1594 796 1659 prestet
813 1596 898 1654 eunti,

297 1672 367 1721 lrrita
385 1671 500 1737 Neptuno
518 1689 620 1738 turego
641 1687 693 1723 tura
709 1672 805 1721 feram?

265 1749 334 1800 Vana
349 1750 479 1801 laborentis
496 1754 516 1799 si
533 1750 603 1800 fallat
619 1766 677 1801 vota
694 1750 791 1808 toloni,

220 1842 249 1889 3⁰
298 1830 407 1893 Accipiat
421 1828 525 1895 gravide
542 1846 583 1879 cur
597 1831 644 1878 suis
661 1844 735 1888 exta,
753 1827 845 1879 Ceres?

266 1905 317 1955 Nec
336 1904 404 1955 dabit
424 1910 520 1958 intonso
539 1907 650 1973 jugulum
667 1923 736 1971 caper
755 1907 830 1954 hostia
846 1905 959 1975 Barcho3

297 1984 376 2032 Mulia
394 1986 437 2032 sub
456 1984 558 2034 adduilo
577 1988 597 2035 si
612 1983 672 2049 pede
689 1984 757 2033 trulla
776 1983 860 2033 fluant.

266 2058 346 2110 Caesar
366 2076 392 2110 ut
408 2064 501 2127 imperii
522 2061 662 2113 moderetur
682 2062 766 2117 frena,
785 2078 926 2127 precantur,

297 2138 360 2187 Tatn
382 2139 441 2187 bene
456 2156 505 2205 quo
521 2144 603 2205 patriae
618 2141 723 2189 consulit
739 2128 780 2189 ille
796 2142 851 2189 suae.
953 2156 958 2163 ·

220 2230 245 2275 35
266 2214 362 2265 Utilitas
382 2218 456 2283 igitur
473 2234 573 2282 magnos
592 2220 750 2284 hominesque
767 2218 881 2283 Deosque

298 2292 397 2353 Efficits
411 2295 503 2347 auxiliis
515 2312 612 2361 quoque
627 2296 722 2346 favente
737 2298 784 2344 suis

265 2372 304 2423 Tu
317 2389 414 2439 quoque
431 2372 468 2422 fac
485 2377 560 2440 prosis
579 2377 642 2423 intra
664 2389 705 2423 tua
724 2374 797 2423 castra
817 2376 925 2437 jacenti,

298 2452 320 2499 O
340 2451 422 2515 Coty!
442 2456 566 2517 progenies
585 2451 657 2517 digua
675 2468 772 2516 parente
791 2467 843 2501 tuo.

265 2528 418 2581 Conveniens
434 2531 528 2579 homini
539 2530 589 2589 est,
603 2532 728 2581 hominem
738 2532 843 2590 lentare,
854 2531 966 2596 voluptas
977 2552 985 2582 t

218 2624 249 2668 40
299 2608 329 2658 Et
350 2607 519 2657 meliusnulla
537 2611 650 2673 quaeritur
668 2624 717 2658 orte
734 2606 811 2657 favor.

266 2686 326 2747 Quis
337 2702 387 2739 nott
397 2685 542 2750 Antiphaten
556 2686 700 2751 Laestrigona
711 2685 830 2737 devoveri
839 2701 881 2735 aut
897 2692 953 2752 quis

236 2809 239 2817 ,
298 2762 410 2814 Muniliti
420 2781 497 2813 mores
507 2767 629 2829 improbat
639 2764 734 2813 Alcinoi
744 2771 753 2815 i

267 2837 325 2889 Non
337 2840 379 2889 tibi
392 2836 550 2890 Caffaudreus
561 2853 628 2904 pater
639 2839 684 2898 est,
699 2841 806 2903 gentisve
815 2839 918 2895 Phernae
925 2857 935 2897 3

300 2916 378 2977 Quive
394 2931 539 2983 repertorem
558 2920 646 2967 torruit
661 2932 711 2967 arte
727 2916 768 2967 sui
789 2935 795 2965 t

219 3013 247 3060 45
268 2991 312 3045 Sed
329 2994 404 3061 quim
422 2994 501 3045 Marte
518 2993 604 3056 ferox,
623 2998 648 3045 dt
662 2997 727 3047 vinti
742 2995 835 3043 nescius
849 2998 942 3056 armis,

301 3074 362 3125 Tam
379 3088 530 3141 numquam,
551 3073 614 3125 fana
630 3090 707 3141 pate,
726 3075 817 3125 cruoris
838 3088 930 3126 amant.

321 3162 324 3189 Ι
