2334 3917
459 411 629 480 Jrrs.
735 417 744 429 ”
841 432 906 495 393

226 528 317 595 Impius
330 531 435 583 humano
444 534 533 583 viscere
544 534 610 596 pavit
620 546 704 598 equos.

183 660 185 663 ,
197 606 233 657 Ut
244 606 293 657 duo
305 606 455 661 diversissub
465 606 551 659 eodem
561 607 656 657 vindice
666 609 726 657 caesi-

229 688 388 751 Temporibus
397 684 481 735 Neffus
490 720 498 746 ,
509 679 689 751 Dexamenique
698 700 779 749 gener.

196 763 231 813 Ut
242 782 375 831 pronepos,
389 766 505 824 Saturne,
519 779 573 813 tuus
583 782 591 811 e
602 779 675 829 quem
686 760 784 813 reddere
792 762 868 813 vitam
915 782 961 832 405

228 844 294 893 Urbe
306 842 441 908 Coronides
452 842 514 893 vidit
531 843 560 892 ab
573 844 624 907 ipse
636 840 687 891 sui.

195 921 319 981 Ursinis,
332 926 355 970 δι
368 924 467 980 Sciron,
477 924 502 969 δι
516 936 571 969 cum
587 918 752 984 Polypemone
759 933 844 979 natus,

230 998 325 1064 Quique
335 1002 411 1048 homo
422 1013 487 1063 parte
499 1000 534 1047 sui
543 1032 551 1058 ‚
560 1010 630 1061 ‘parte
640 1000 755 1061 iuvencus
766 1012 826 1045 eret.

199 1076 295 1142 Quique
306 1078 383 1125 trabes
395 1072 481 1140 preffas
496 1076 525 1124 ab
541 1078 617 1124 humo
631 1076 744 1123 mittebat
756 1076 782 1122 in
798 1089 880 1134 auras,

229 1158 341 1219 AEquoris
352 1156 465 1219 aspiciens
475 1155 544 1219 huJus
557 1157 581 1202 δι
598 1155 668 1218 hujus
680 1168 762 1218 aquas.
915 1169 964 1214 4¹⁰

199 1230 305 1295 Quaeque
316 1230 390 1281 Ceres
400 1229 463 1281 vidit
474 1230 529 1279 laero
541 1233 664 1296 pereuntia
672 1230 742 1280 vultu

232 1308 342 1373 Corpora
354 1308 446 1359 Thesei
456 1309 598 1374 Cercyonis
608 1326 691 1359 manu.

197 1384 255 1434 Haec
268 1387 329 1447 tibi,
346 1403 418 1453 quem
432 1389 522 1436 meritis
539 1390 648 1453 precibus
663 1403 717 1437 mea
730 1386 834 1439 devovet
848 1390 900 1448 ira,

230 1464 364 1524 Eveniant,
376 1480 416 1515 aut
428 1468 465 1513 his
476 1482 526 1515 non
536 1465 626 1515 leviora
637 1465 716 1515 malis.
762 1523 766 1530 ι

199 1539 283 1599 Qualis
296 1542 475 1591 Achemenides
487 1542 566 1592 Siculi
578 1541 682 1600 desertus
692 1545 718 1591 in
728 1540 754 1592 ff
760 1557 814 1603 tna,
920 1560 965 1608 415

231 1618 321 1667 Troica
331 1618 386 1668 crim
396 1618 459 1669 vidit
469 1620 523 1669 vela
533 1622 632 1678 venire,
646 1620 702 1669 fuit.

199 1692 281 1753 Qualis
292 1710 341 1745 erat
351 1712 394 1745 nec
408 1712 457 1745 non
471 1695 568 1745 fortuna
579 1698 710 1746 binominis
721 1697 752 1746 Iri
762 1731 770 1757 ,

232 1772 327 1837 Quique
338 1788 421 1824 tenent
435 1790 533 1839 pontem
545 1811 553 1834 ,
566 1792 619 1841 quae
632 1778 676 1824 tibi
686 1780 753 1841 pejor
764 1779 818 1826 erit.

199 1847 274 1897 Filius
285 1854 307 1899 δι
320 1850 415 1901 Cereris
429 1852 512 1901 frustra
524 1855 568 1901 tibi
579 1854 671 1917 semper
680 1867 789 1912 ametur,

232 1925 397 1993 Destituatque
409 1944 544 1995 suasusque
555 1930 643 1994 petitus
653 1947 718 1995 opes.
730 1987 732 1996 Ι

200 2000 300 2067 thue,
312 2021 354 2068 per
365 2004 469 2055 alternos
481 2006 545 2055 undai
556 2006 650 2056 labente
660 2009 782 2069 recursus,

232 2080 478 2147 Subtrahiturpreffo
491 2083 572 2133 mollis
587 2100 657 2133 arena
666 2083 740 2149 pedi;

200 2161 238 2209 Sic
250 2174 289 2209 tua
300 2162 380 2209 nescio
391 2178 441 2227 quo
452 2164 543 2225 semper
554 2162 651 2210 fortuna
662 2162 793 2227 liquescat,
806 2199 808 2202 .

233 2235 353 2301 Lapsaque
364 2254 405 2300 per
415 2234 505 2287 medias
518 2236 599 2287 effluat
610 2254 684 2304 usque
695 2255 788 2288 manus.

200 2311 281 2377 thue
292 2328 357 2376 pater
368 2314 444 2363 solitae
456 2318 530 2364 varias
543 2330 636 2364 murare
652 2314 755 2379 figuras,

231 2389 316 2437 Plenus
327 2389 464 2439 inexstirerr
476 2387 587 2439 deficiare
599 2392 672 2440 farne.

200 2466 253 2517 Nec
268 2465 335 2531 dapis
349 2470 458 2517 humane
472 2470 572 2519 subeant
590 2467 684 2526 fariiidia
704 2488 711 2517 r
730 2467 825 2535 quique

235 2545 303 2594 Parte
315 2560 398 2609 putes,
410 2544 506 2607 Tydeus
518 2549 633 2611 temporis
643 2548 713 2609 huius
729 2550 783 2595 eris.

200 2624 278 2689 Atque
289 2622 380 2688 aliquid
391 2623 462 2681 facias
472 2642 506 2689 ,a
517 2626 613 2689 vespere
624 2626 701 2673 rursus
712 2622 820 2674 admetus

234 2701 286 2752 Cur
302 2702 424 2751 exsternari
439 2701 501 2751 Solis
519 2716 621 2766 agantur
638 2704 703 2767 equi.
798 2742 803 2750 ,

201 2778 275 2829 Foeda
287 2780 414 2842 Lyeaouiae
428 2793 518 2843 repetes
529 2781 640 2829 convivia
651 2780 756 2839 mense,

232 2859 394 2924 Tentabisque
411 2859 459 2905 cibi
475 2856 557 2906 fallere
574 2854 658 2905 iraude
672 2857 766 2907 Jovenr.
804 2884 807 2891 ·

200 2936 283 3001 Teque
295 2935 379 2999 aliquis
390 2938 470 3000 posito
482 2948 557 2984 tenter
566 2936 619 2984 virn
628 2937 733 2983 numinis
742 2949 821 2999 optor

233 3011 374 3065 Tantalides
383 3028 408 3061 tu
420 3016 466 3070 sis,
481 3008 642 3077 Terei'desque
653 3028 720 3076 puer.

201 3086 233 3138 Et
248 3104 287 3139 tua
300 3093 333 3139 sic
349 3090 411 3141 latus
424 3090 561 3156 spargentur
575 3088 683 3139 membra
697 3104 738 3153 per
749 3102 836 3151 agros,

753 3165 846 3221 Rv'

297 3360 309 3425 i
