2334 3917
285 377 332 440 24
407 352 450 421 P.
485 354 640 421 Orruit
665 354 859 420 Nasonis

314 466 455 519 Tradiderat
466 463 567 517 famulas
577 471 681 535 jam'tibi
692 470 787 518 Rhenus
797 483 879 531 aquas.

279 544 353 599 Jane,
371 546 422 594 sace
430 561 529 595 aternus
541 548 626 597 Pacem
636 580 645 601 ‚
657 546 770 611 Pacisque
781 545 899 595 ministros
906 559 916 603 t

313 623 379 675 Neve
390 624 458 671 suum
471 658 479 683 ,
492 624 589 688 praesta,
602 622 694 673 deserat
703 626 783 673 tutior
793 639 862 687 opus.

280 701 354 763 Quod
364 717 479 753 tamenta
492 705 547 768 ipsis
558 702 627 752 licuit
636 705 696 751 mihi
705 701 794 751 discere
806 700 893 755 fastis.

230 776 276 821 ²9⁰
309 780 432 829 sacravere
443 780 521 829 Patres
531 782 575 827 hac
586 778 636 827 duo
648 779 737 844 templa
748 779 797 829 die.

276 854 376 922 Accepit
386 858 477 907 Pboebo
485 856 647 922 Nymphisque
655 854 780 907 Coronide
789 870 875 905 natum

308 933 404 989 Insula,
422 930 520 983 dividua
529 948 603 997 quam
610 935 698 997 premit
708 935 783 981 amnis
795 931 866 997 aqui.

273 1010 381 1076 luppiter
391 1014 416 1059 in
425 1026 490 1075 parte
501 1012 547 1059 esi:
561 1012 625 1074 cepit
635 1009 702 1059 locus
713 1025 773 1059 uuus
785 1024 930 1074 utrurnque5

306 1089 434 1153 lunilaque
445 1090 498 1137 sunt
508 1103 597 1152 magno
607 1086 697 1152 templa
706 1089 800 1150 nepotis
811 1101 866 1136 avo.

226 1164 356 1227 ²95QUlD
367 1180 432 1214 vetat
442 1170 467 1214 δι
478 1165 567 1217 stellas,
578 1180 606 1214 ut
615 1180 715 1230 quaeque
727 1166 850 1229 oriturque
861 1162 984 1231 caditque,
1079 1175 1080 1198 ἒ

305 1241 407 1292 Dicere?
419 1246 528 1307 promissi
538 1258 591 1307 pars
599 1245 629 1291 sit
641 1246 666 1291 iit
675 1241 717 1290 ista
728 1244 785 1290 mei.
1079 1241 1080 1244 ’

271 1320 291 1369 F
292 1319 362 1387 elices
370 1320 477 1370 animosi
490 1318 635 1385 quibus'haec
646 1320 788 1385 cognoscere
794 1302 898 1383 ⁸primis,

303 1398 377 1463 Inque
389 1396 474 1447 domos
487 1400 578 1462 superas
588 1395 698 1445 scandere
708 1412 764 1445 cura
774 1395 829 1444 fuir.

271 1472 394 1526 Credibile
410 1474 442 1525 est
452 1475 507 1524 illos
518 1476 605 1539 pariter
621 1476 732 1539 vitiisque
745 1472 852 1539 locisque
871 1464 874 1470 ’

224 1560 270 1605 300
302 1552 380 1602 Altius
391 1555 500 1602 humanis
514 1548 636 1601 exseruill'e
654 1566 732 1616 caput.

270 1628 328 1679 Non
346 1631 426 1679 Venus
440 1634 464 1681 δι
477 1632 560 1681 vinum
572 1630 683 1679 sublimia
693 1630 787 1694 petlota
795 1628 883 1694 fregit5

301 1704 444 1757 Officiumve
457 1707 505 1758 fori
516 1743 525 1768 ,
537 1707 661 1758 militiaeve
676 1706 753 1755 labor.

241 1829 245 1833 .
268 1782 319 1833 Nec
331 1781 389 1836 levis
405 1786 522 1846 ambitio,
538 1785 677 1851 perfusaque
693 1784 770 1849 gloria
781 1784 853 1843 suco,

300 1861 472 1925 Magnarumve
487 1864 561 1912 sames
577 1863 707 1914 solicitavit
722 1878 806 1926 opum.

221 1936 401 2005 305Admovire
411 1940 487 1989 oculis
498 1939 608 1989 distantia
619 1938 696 1989 sidera
707 1940 791 1989 nostris
803 1971 811 1997 ‚
863 1936 867 1944 ’

298 2018 443 2083 AEtlreraque
458 2022 555 2082 ingenio
568 2020 709 2084 supposuere
725 2020 778 2066 suo.

264 2095 303 2143 Sic
313 2097 402 2159 peritur
412 2095 502 2145 coelum
511 2112 574 2147 :non
585 2094 683 2146 urserat
692 2091 766 2144 Offan
776 2092 909 2160 Olympus,

297 2173 442 2238 Summaque
453 2173 558 2224 Peliacus
566 2172 643 2223 sidera
653 2187 735 2238 tangat
745 2188 812 2236 apex.
1079 2179 1080 2220 l

262 2246 315 2297 Nos
326 2266 421 2315 quoque
429 2252 471 2299 sub
482 2250 581 2301 ducibus
592 2252 682 2301 eoelum
691 2251 834 2299 metabimur
844 2249 909 2310 illis,
953 2282 955 2286 «
1079 2243 1080 2258 ³

215 2342 263 2388 3¹0
295 2328 460 2399 Ponemusque
471 2332 523 2379 suos
534 2327 566 2381 ad
576 2328 636 2381 stata
645 2332 712 2394 signa
722 2325 781 2377 dies.

261 2406 366 2457 ERGO
377 2409 418 2456 ubi
425 2425 474 2457 nox
483 2406 559 2457 aderit
566 2410 671 2458 venturis
682 2409 751 2456 tertia
761 2405 838 2454 Nonis
847 2438 858 2462 ,

294 2486 423 2551 Sparsaque
433 2486 522 2536 coelelli
534 2503 586 2535 rore
596 2484 702 2534 madebit
710 2486 797 2533 humus
806 2518 816 2543 ,

261 2560 384 2627 Osiipedis
401 2562 484 2613 frustra
499 2578 635 2629 quaeruntur
651 2565 745 2612 brachia
756 2561 859 2613 Cancri:

293 2639 397 2706 Praeceps
408 2639 518 2691 occiduas
529 2642 571 2691 ille
580 2643 669 2691 subivit
679 2657 760 2706 aquas.

214 2713 514 2784 315INSTITERINT
526 2717 603 2767 Noua
615 2738 621 2767 t
633 2720 698 2766 missi
709 2716 752 2765 tibi
764 2715 866 2764 nubibus
875 2717 932 2767 atris

292 2796 364 2859 Signa
375 2794 465 2845 dabunt
482 2796 585 2855 imbres,
603 2799 723 2846 exoriente
735 2793 807 2855 Lyrd.
1006 2847 1009 2852 ,
1079 2841 1080 2846 ,

259 2871 549 2935 QUATTUORadde
562 2868 829 2944 diesdustisexotdine
840 2870 936 2932 Nonis;
1076 2917 1081 2964 p

291 2949 362 3001 lanus
374 2950 474 3015 Agonali
485 2950 537 3000 luce
546 2950 645 3017 piandus
656 2954 709 3001 erit.
1079 2969 1080 3008 l

259 3026 371 3079 Nominis
383 3026 429 3079 elle
439 3044 507 3097 potes
515 3030 645 3081 succinctus
653 3032 721 3081 causa
730 3031 852 3092 minister,
1079 3027 1080 3030 '

889 3104 975 3157 Hostia
1068 3125 1080 3188 '¹
