2334 3917
295 365 363 432 286
435 359 480 427 P.
507 361 663 426 Ovrnrt
682 359 875 429 NAsonts

325 485 434 533 Antietas
445 483 519 530 animi
531 515 540 541 ,
552 483 727 547 continuusque
738 480 815 531 labor.

291 562 355 612 Naue
363 577 416 610 mea
424 577 465 627 per
478 560 566 625 longor
578 563 598 608 si
610 562 663 625 quis
674 560 737 610 mala
750 558 842 626 digerat
854 575 945 618 annos,

244 654 274 686 ιο
321 636 401 690 Crede
412 641 489 696 mihi,
502 638 573 701 Pylio
584 637 683 687 Nestore
696 641 775 703 maior
786 653 835 686 eto.

289 717 375 768 Cernis
387 733 415 767 ur
432 721 458 766 in
472 714 555 778 duris,
568 719 594 766 dc
605 714 665 782 quid
675 717 737 766 bove
746 714 856 764 firmius?
868 718 931 762 arvis

321 797 403 845 Fortia
417 810 540 844 taurorum
550 809 652 858 corpora
667 793 760 858 frangat
769 809 838 858 opus.

288 872 348 933 Qua
363 888 486 938 nunquam
494 887 572 922 vacuo
583 872 654 921 solita
667 867 794 921 eliceffate
805 869 905 929 novali,

319 952 440 1000 frudibus
457 949 554 1000 assiduis
564 946 622 998 laisa
632 951 732 999 senescit
741 951 836 998 humus.

242 1033 267 1082 ¹5
286 1029 405 1089 Occidet,
420 1026 450 1078 ad
466 1027 535 1078 Circi
547 1030 566 1076 si
578 1030 631 1093 quis
645 1030 775 1076 certamina
785 1028 891 1091 semper,

318 1108 376 1158 Non
385 1108 524 1156 intermissis
534 1107 660 1164 cursibus,
675 1107 721 1154 ibit
735 1120 817 1170 equus.

284 1186 365 1236 Firma
382 1187 411 1234 sit
425 1185 468 1233 illa
483 1185 559 1243 licet,
573 1184 679 1233 solvetur
697 1186 722 1232 iu
738 1198 849 1248 aquore,
866 1183 950 1238 navis,

316 1263 376 1324 Qua
386 1276 518 1326 numquam
530 1259 628 1326 liquidis
637 1263 699 1320 sicca
707 1261 796 1309 carebit
806 1261 882 1325 aquis.

283 1339 325 1388 Me
338 1355 434 1404 quoque
451 1337 562 1388 debilitat
572 1341 641 1387 seties
658 1339 774 1387 immensa
784 1336 922 1390 malorum,

236 1428 267 1460 eo
314 1416 375 1464 Ante
389 1431 470 1465 meum
482 1430 575 1481 tempus
583 1419 650 1482 cogit
660 1420 685 1466 δι
696 1413 743 1464 ell'e
752 1418 842 1464 senem.

281 1491 340 1542 Otia
356 1509 440 1558 corpus
452 1493 520 1543 alunt
530 1512 538 1553 3
550 1497 643 1544 animus
654 1509 751 1560 quoque
761 1495 864 1558 pascitur
878 1493 936 1542 illis.

313 1568 460 1620 Inmodicus
472 1586 556 1620 contra
568 1575 644 1636 carpit
654 1585 782 1636 utrumque
792 1570 869 1618 labor.

279 1648 377 1714 Aspice,
396 1652 422 1698 in
436 1651 477 1698 has
490 1665 567 1715 partes
575 1647 641 1716 quod
651 1651 743 1699 venerit
754 1649 842 1698 AEl'one
852 1664 921 1697 uatus
935 1685 943 1709 ,

315 1726 394 1788 Quam
406 1725 501 1778 laudem
512 1729 585 1777 asera
596 1727 730 1792 posteritate
742 1724 812 1776 fetat.

232 1823 261 1870 ις
280 1804 311 1855 Αι
321 1805 389 1854 labor
398 1805 463 1855 illius
473 1806 552 1856 nostro
564 1807 686 1871 leviorque
697 1807 838 1870 minorquet

312 1883 336 1930 Si
348 1882 424 1932 modd
434 1900 484 1932 nou
493 1900 576 1932 verum
588 1887 686 1933 nomina
699 1897 786 1947 magna
796 1898 917 1947 premunt.

278 1960 322 2009 llle
340 1961 373 2009 est
385 1964 410 2010 in
420 1961 538 2016 Pontum,
555 1961 621 2010 Pelia
632 1965 759 2020 mittente,
775 1961 911 2027 profeiius,

311 2037 359 2098 Qui
375 2042 416 2087 vix
429 2035 555 2088 Theisalire
567 2037 615 2088 fine
632 2037 752 2089 timendus
767 2051 825 2087 erat.

278 2114 377 2169 cesaris
387 2119 422 2164 ira
432 2118 492 2164 mihi
501 2119 602 2176 nocuit,
618 2133 690 2183 quem
705 2116 765 2165 Solis
783 2115 812 2165 ab
826 2130 881 2164 ortu

231 2217 261 2260 3⁰
299 2195 370 2244 'Solis
380 2193 410 2243 ad
419 2196 514 2243 occasus
523 2209 622 2260 utraque
634 2209 694 2244 terta
705 2197 794 2244 sternit.

275 2273 382 2322 Iunilior
394 2272 520 2322 llaemonia
534 2271 567 2320 est
574 2273 670 2332 Ponto,
687 2289 760 2338 quam
770 2273 862 2330 Roma,
874 2274 905 2320 sit
916 2271 988 2322 Istro:

308 2350 339 2400 Et
349 2352 442 2400 brevius
453 2384 461 2411 ,
473 2350 548 2415 quim
563 2366 624 2411 nos,
638 2351 680 2400 illc
691 2353 782 2417 peregit
793 2355 845 2401 iter.

274 2425 320 2476 llle
336 2429 420 2478 habuit
437 2430 557 2487 comites,
574 2433 664 2493 primos
682 2429 776 2478 telluris
789 2429 901 2478 Achiva:

306 2505 338 2553 At
351 2504 455 2554 nostram
471 2508 549 2554 cundi
560 2503 683 2556 destituite
695 2506 786 2571 fugam.

227 2598 255 2647 ις
273 2580 325 2631 Nos
336 2581 415 2646 fragili
429 2582 521 2632 vallum
535 2584 603 2648 ligno
620 2583 760 2634 sulcavimus
771 2601 867 2650 aequots

306 2657 365 2718 Quae
378 2658 434 2708 tulit
443 2657 589 2720 AEsoniden,
606 2659 675 2710 firrna
685 2666 764 2712 carina
775 2662 830 2712 fuit.

272 2736 325 2787 Nec
343 2737 434 2801 Tiphys
453 2738 514 2785 mihi
528 2741 604 2787 tediot
615 2754 664 2789 etat
675 2759 681 2788 r
692 2757 736 2790 nec
748 2742 856 2806 Agenore
866 2755 954 2804 natus,

304 2813 368 2873 Quas
384 2816 490 2880 sequerer
501 2850 509 2874 ,
522 2813 621 2872 docuit,
638 2835 695 2884 quas
706 2818 859 2886 fugeremque
874 2825 933 2871 vius.

269 2890 343 2941 Illum
354 2906 430 2941 nirata
439 2892 472 2941 est
486 2908 541 2942 cum
552 2894 649 2944 Pallade
659 2883 793 2962 regia'Juno
806 2917 813 2948 s

220 2982 254 3025 4ο
301 2966 434 3018 Defendite
443 2986 525 3019 meum
535 2975 635 3021 numina
645 2973 711 3023 nulla
721 2989 801 3040 caput.

268 3041 343 3094 Illum
352 3045 446 3098 furtive
454 3051 535 3114 juvere
545 3048 673 3115 Cupidinis
685 3067 763 3113 atres,
