2334 3917
313 372 610 466 FAeronuit
634 397 787 467 Lini.
861 423 900 467 ιι

218 517 268 569 Sed
280 522 349 583 tetigi
360 519 437 567 verbis
449 518 534 567 ultima
543 518 616 569 verba
627 521 695 567 meir.

184 596 253 658 Quid
264 596 319 649 vult
324 596 405 662 palma
415 598 477 656 eibi,
490 598 622 663 rugosaque
633 599 726 649 carica?
737 594 805 659 dixi,
908 598 950 664 r85

220 676 252 725 Et
259 675 316 726 data
326 675 368 725 sub
375 676 447 739 niveo
455 672 558 725 mndide
565 673 716 727 mellafavoi

102 800 105 817 ,
186 749 287 809 Omen,
300 751 351 809 eit,
363 750 432 798 causa
443 747 492 806 est3
504 762 531 797 ut
543 763 578 799 rea
588 748 657 811 sapor
666 748 707 799 ille
717 750 846 815 sequatur,

218 826 251 874 Et
258 839 356 893 peragat
365 840 473 889 coeptum
482 823 560 875 dultir
571 838 599 873 ut
609 840 685 873 annus
691 828 746 873 iter.

184 903 274 954 Dulcia
284 918 327 953 cur
337 902 441 957 dentur,
451 900 523 952 video
532 920 539 951 ι
547 902 612 966 stipis
620 899 697 966 adjice
707 904 804 953 causam
815 936 825 964 ,

216 983 274 1031 Pars
286 982 347 1031 mihi
358 979 388 1029 de
398 982 416 1029 F
417 980 465 1029 esto
475 996 504 1029 ne
515 978 580 1031 labet
591 979 640 1028 ulla
653 994 705 1029 tuo.
904 996 950 1041 190

184 1060 264 1118 Risit3
277 1063 318 1118 δι,
330 1059 369 1107 Oi
380 1057 455 1123 quim
467 1072 490 1107 te
500 1056 590 1107 fallunt
600 1072 642 1111 tua
652 1056 747 1107 secula!
759 1055 835 1120 dixit,

216 1138 267 1198 Qui
275 1137 333 1202 stipe
342 1136 390 1185 mel
398 1136 477 1187 sumti
487 1133 581 1185 dulcius
591 1132 638 1187 effe
647 1149 716 1200 putes
728 1138 737 1183 Ξ

181 1214 231 1263 Vix
244 1208 290 1279 ego
306 1216 407 1263 Saturno
418 1228 565 1278 quemquam
575 1226 689 1276 regnante
704 1209 830 1277 videbam,

215 1290 294 1357 Cujus
305 1306 355 1343 trun
366 1294 448 1339 auimo
458 1288 539 1341 dulcia
550 1289 616 1339 lutra
626 1288 716 1338 forent.

182 1369 305 1433 Tempore
313 1371 388 1419 crevit
395 1384 474 1427 amor,
485 1371 527 1434 qui
536 1382 600 1417 nunc
611 1366 645 1416 est
653 1367 774 1427 summus,
783 1366 942 1437 habendi-195

215 1449 265 1498 Vix
276 1446 354 1506 ultra,
366 1443 417 1512 qud
429 1450 480 1511 iam
490 1441 671 1510 progrediatur,
685 1444 766 1493 habet.

180 1525 260 1575 Pluris
272 1540 329 1589 oper
338 1538 402 1573 nunt
412 1524 483 1582 sunt,
494 1521 569 1587 quim
578 1522 649 1586 prisci
661 1523 774 1585 temporis
785 1524 868 1580 annis;

213 1602 281 1650 Dum
295 1599 397 1665 populus
407 1615 509 1665 pauper,
520 1597 579 1649 dum
588 1615 653 1650 nova
662 1599 740 1651 Roma
747 1598 794 1647 fuit
805 1617 814 1657 3

179 1678 249 1728 Dum
261 1679 314 1727 casa
328 1678 488 1741 Martigenam
499 1677 607 1741 capiebat
621 1689 694 1741 parva
704 1676 850 1737 Quirinum,

212 1755 245 1804 Et
262 1754 336 1804 dabat
344 1756 455 1819 exiguum
465 1753 570 1809 flum'uiis
581 1754 637 1804 ulva
647 1768 736 1805 totuin.
896 1781 943 1820 tao

177 1831 288 1897 iuppiter
296 1832 394 1899 angusti
409 1835 449 1883 vix
459 1847 525 1899 rotun
536 1832 644 1881 stabatin
655 1830 726 1890 adea

212 1910 290 1976 Inque
301 1910 366 1961 iovis
378 1908 461 1962 deutri
469 1908 541 1959 fietile
550 1909 644 1959 fulmen
650 1923 709 1974 erat.

176 1985 314 2036 frondibus
323 1988 440 2037 ornabant
451 2021 459 2047 ‚
474 2003 527 2052 quae
535 2002 600 2035 nunc
607 1984 731 2051 Capitolia
739 1989 840 2051 gemmis
850 2005 859 2047 3

210 2064 371 2131 Paseabatque
381 2067 433 2114 suas
443 2066 492 2129 ipse
507 2067 603 2115 senator
613 2080 679 2114 ovet.

174 2140 229 2192 Nec
247 2140 342 2207 pudor,
354 2145 381 2193 in
389 2142 474 2207 stipula
484 2142 606 2207 placidam
617 2140 703 2208 tepide
714 2144 821 2210 quietem
831 2179 841 2207 ,
891 2167 935 2216 ²05

208 2219 262 2270 Nec
274 2220 366 2271 foenum
378 2223 450 2286 capiti
461 2216 623 2285 supposuiss'e,
637 2220 692 2270 fuit.

172 2297 231 2347 lura
242 2296 314 2347 dabat
322 2298 417 2365 populis
427 2301 507 2362 posito
517 2298 594 2349 modo
604 2298 688 2349 consul
697 2312 794 2361 aratr03

209 2374 241 2423 Et
257 2374 315 2437 levia
325 2379 417 2441 argenti
427 2376 516 2427 lamina
526 2380 618 2427 crimen
628 2393 687 2427 erat.

172 2451 208 2501 At
217 2452 270 2517 post
279 2452 355 2520 quien
364 2456 470 2505 Fortuna
484 2456 532 2505 loci
544 2471 617 2521 eaput
627 2456 713 2507 extulit
724 2458 809 2523 hujus,

205 2528 239 2578 Et
256 2533 335 2595 tetigit
345 2534 451 2583 summor
459 2536 548 2585 vertice
558 2536 636 2583 Roma
646 2534 732 2593 Deoia
891 2563 936 2596 ῃ.)

171 2604 311 2659 Creterunt
326 2611 352 2658 dt
368 2626 439 2675 opes,
454 2615 480 2661 dt
491 2627 566 2677 opum
577 2612 667 2661 furiosa
677 2609 780 2675 eupid03

204 2684 238 2734 Et
248 2718 258 2745 ‚
270 2684 325 2737 edin
336 2686 472 2752 possideant
482 2688 604 2754 plurima,
617 2688 685 2753 plura
694 2688 790 2739 volunt.

170 2760 286 2823 Quaerere
302 2778 329 2813 ut
339 2766 480 2825 absumunt,
495 2768 605 2817 absumta
614 2766 748 2832 requirere,
758 2780 863 2820 certant:
955 2768 959 2775 '

203 2840 284 2905 Atque
292 2843 347 2905 ipse
355 2844 418 2893 vitiis
429 2845 484 2893 sunt
494 2845 609 2895 alimenta
616 2846 689 2899 vitei.

169 2919 229 2977 Sic,
246 2918 332 2983 quibui
342 2921 460 2971 intumuit
467 2920 557 2971 suffusi
565 2936 649 2973 venter
660 2923 691 2973 ab
705 2922 786 2979 unda,
885 2950 928 2997 ²¹5

203 2995 262 3057 Quo
271 2995 324 3061 plut
334 2999 389 3047 sunt
398 3013 480 3063 pota,
491 2998 544 3064 plue
554 3003 667 3051 sitiuntur
677 3018 753 3067 aque.

167 3073 196 3125 In
206 3076 285 3143 pretio
296 3078 399 3141 pretium
408 3090 472 3127 nunc
483 3076 531 3129 tstr
543 3074 586 3131 dat
595 3080 676 3131 census
687 3081 789 3129 honores
795 3112 805 3141 ,
