2334 3917
278 419 418 488 Errsr.
443 426 501 479 ux
522 391 680 476 Ponro‘
696 402 733 470 L.
754 401 805 470 ΙΙ.
836 418 899 489 303

224 536 357 590 Difficilem
366 536 475 603 precibus
485 549 508 582 te
518 532 676 597 quoquejure
689 527 756 574 meis.
924 526 956 562 eo

195 616 301 684 Quaeque
321 634 362 666 tua
379 615 412 663 est
430 594 504 677 pietat
521 612 547 656 in
563 605 643 655 totum
658 618 748 653 nomen
759 599 821 658 iiiii,

228 697 263 744 Te
281 694 355 753 iaedi,
370 693 427 742 etim
444 692 498 754 quit
514 685 608 736 laeditur
624 681 699 740 inde,
715 694 790 744 putas.

195 771 242 821 Sed
259 773 315 822 iicet
332 787 398 820 arma
413 769 494 825 ierat,
513 756 652 814 &vulnera
669 763 729 808 saeva
744 755 857 812 minerii,

229 849 286 898 Non
297 864 377 898 tamen
387 844 491 903 efficiet,
505 857 532 891 ut
547 845 645 890 timeare
661 840 730 886 mihi.

196 924 284 990 Puppis
295 921 477 976 Achaemeniden
489 922 589 984 Graium
602 920 708 982 Trojano
718 913 825 977 recepite
925 917 953 968 ις

229 1005 323 1054 Profuit
336 1009 359 1054 δι
370 1004 443 1064 Myso
452 1001 528 1048 Pelias
539 997 603 1046 hasta
614 994 678 1045 riuci.

195 1080 316 1147 Confugit
326 1079 448 1130 interdum
459 1076 542 1141 tempii
552 1076 657 1124 violator
669 1069 699 1121 ad
715 1085 797 1126 aram,

144 1222 146 1225 Ι
230 1160 281 1209 Nec
298 1175 376 1225 petere
391 1155 478 1206 offensi
488 1155 594 1203 numinis
605 1154 686 1200 horret
698 1163 779 1212 opem.

197 1235 292 1285 Dixerit
303 1241 348 1286 hoc
359 1235 444 1300 aliquit
458 1249 537 1282 tutum
547 1247 597 1279 non
608 1227 669 1286 effe,
680 1227 783 1275 fatemur
794 1241 801 1271 ε

179 1365 184 1373 ,
230 1312 277 1361 Sed
288 1329 337 1361 non
347 1329 388 1376 per
398 1309 502 1376 placidae
512 1313 533 1358 it
544 1325 597 1358 mea
609 1309 692 1372 puppis
704 1317 785 1370 aquas.
930 1317 961 1364 30

151 1437 158 1446 x
199 1390 263 1439 Tuta
283 1405 365 1454 petant
381 1390 442 1437 alii:
460 1389 563 1436 Fortuna
578 1387 776 1434 miserrima‘tura
791 1377 844 1428 este

232 1468 296 1517 Nam
307 1471 379 1517 timor
390 1464 487 1517 eventis
495 1463 624 1513 deterioris
635 1463 708 1512 abest.

199 1547 248 1606 Qui
258 1549 346 1610 rapitur
357 1545 427 1599 fatis,
442 1540 501 1608 quid
517 1556 602 1606 praeter
613 1540 662 1589 fata
674 1540 792 1604 requirat?

232 1626 296 1688 Saepe
307 1638 371 1672 creat
381 1621 468 1670 molles
479 1621 558 1684 asper'a
570 1621 635 1684 spina
645 1619 718 1666 rosas.

199 1703 247 1764 Qui
268 1704 357 1766 rapitur
374 1701 499 1764 spumante
514 1696 584 1751 salo,
599 1698 640 1744 sua
658 1693 752 1742 brachia
764 1691 828 1740 cauti
929 1685 957 1735 ³5

232 1781 352 1843 Porrigo,
370 1783 395 1826 δι
407 1779 488 1842 -spinas
503 1772 610 1840 <iuraque
628 1774 681 1821 saxa
698 1773 769 1833 capit.

199 1859 344 1921 Accipitrern
356 1869 478 1907 metuens,
494 1854 576 1917 pennis
588 1849 760 1915 trepidantibus
772 1845 819 1894 aies

233 1935 311 1983 Audet
322 1931 353 1981 ad
364 1935 481 1980 humanos
495 1925 553 1979 feisa
566 1932 646 1978 venite
662 1929 733 1975 sinui.

201 2011 252 2060 Nec
263 2013 286 2059 se
295 2014 375 2060 vicino
387 2009 482 2059 dubitat
492 2010 643 2056 committere
656 2008 732 2064 teiio,

234 2091 293 2152 Quae
311 2092 373 2156 fugit
389 2090 485 2140 infestos
502 2091 584 2137 territa
600 2103 668 2137 cerva
686 2101 762 2134 canes.
924 2089 964 2134 14⁰

201 2170 257 2228 Da,
270 2187 369 2234 precor,
380 2166 498 2218 acceffurn
509 2166 638 2229 lacrymis,
651 2165 792 2221 mitissime,
810 2159 894 2209 nostris
906 2177 913 2208 a

229 2248 287 2296 ·Nec
297 2247 398 2312 rigidam
410 2245 502 2296 timidis
512 2247 612 2296 vocibus
623 2239 686 2292 obde
697 2242 791 2290 forem.-

203 2323 328 2386 Verbaque
339 2326 417 2371 noiira
428 2324 508 2372 favens
519 2325 629 2370 Romana
641 2318 671 2368 ad
685 2319 790 2368 Numina
800 2313 890 2381 perfer,

236 2399 294 2448 Non
314 2401 359 2446 tibi
379 2401 482 2463 Tarpejo
499 2399 563 2446 culta
582 2400 693 2446 Tonante
711 2399 798 2444 minus.

204 2475 363 2542 Mandatique
375 2480 422 2525 mei
434 2475 526 2540 legatus
537 2478 626 2540 suscipe
640 2475 735 2523 eausam
754 2489 761 2519 r
932 2496 961 2542 45

237 2553 311 2604 Nulla
328 2571 383 2603 meo
401 2558 510 2618 quamvis
527 2557 626 2601 nomine
642 2553 711 2600 eausa
727 2552 791 2599 bona
809 2549 849 2597 est.
948 2561 961 2570 ”

203 2635 256 2682 Jam
268 2647 342 2698 prope
352 2629 489 2695 depositus,
505 2629 568 2698 eerte
582 2635 631 2694 jam
647 2627 746 2694 frigidus
764 2641 841 2692 eger,

238 2714 347 2762 Servatus
363 2726 404 2776 per
423 2724 464 2767 te,
481 2713 500 2757 si
517 2706 594 2758 modo
612 2710 707 2765 server,
724 2721 776 2754 ero.

204 2791 275 2842 Nunc
288 2803 329 2838 tua
338 2803 382 2853 pro
393 2788 462 2852 iapsis
473 2790 562 2838 nitatur
573 2791 648 2851 gratia
660 2786 745 2845 rebus,

237 2869 351 2931 Principis
366 2869 447 2915 aetemi
464 2881 537 2931 quarn
552 2867 596 2914 tibi
612 2864 705 2930 praestat
721 2879 797 2912 arnor·
936 2875 967 2924 5⁰

204 2946 276 2996 Nune
294 2947 338 2995 tibi
353 2949 377 2994 δι
396 2944 485 3011 eloquii
502 2948 567 2994 nitor
580 2943 622 2992 iile
639 2941 780 2992 domesticus
797 2937 875 3002 adsit,

140 3041 144 3049 ·
239 3025 294 3084 Quo
304 3040 397 3090 poteras
409 3023 508 3090 trepidis
519 3024 587 3073 utilis
594 3019 643 3072 'eise
652 3024 706 3071 reis.

206 3100 274 3153 Vivit
289 3106 353 3153 enim
366 3105 393 3154 in
410 3093 478 3156 tobis
493 3099 592 3159 facundi
608 3101 690 3166 lingua
704 3099 805 3164 parentia
813 3113 823 3158 ς
