2334 3917
257 421 326 498 254
397 403 441 474 P.
468 363 625 474 Ovrnrr
652 399 854 476 Naronrs‘

254 527 355 582 Barbara
366 545 405 578 me
416 528 487 578 tellus
496 563 504 590 ,
514 530 626 596 orbisque
638 534 768 582 novissima
778 533 860 596 magni

285 607 386 656 Sustinet
396 625 405 665 ·,
420 610 444 656 δι
457 610 518 657 saevo
531 611 620 656 cincius
631 609 661 657 ab
672 611 738 659 hoste
749 610 826 658 locus.

253 684 315 734 Hinc
322 700 368 750 ego
379 687 515 750 traicerer,
528 691 676 752 nequeenim
683 703 735 736 mea
743 688 918 754 culpacruenta
928 685 969 748 est,

284 759 367 824 Effer,
381 780 434 831 qua
448 763 534 826 debet,
550 769 569 814 si
586 767 630 814 ribi
644 782 700 814 cura
715 770 771 815 mei.

206 848 232 898 n
253 839 297 890 llle
307 841 390 901 Deus,
404 843 463 892 bene
473 859 522 908 quo
531 845 640 894 Romana
649 848 756 909 potentia
764 847 819 893 nixa
827 844 874 903 est,

286 921 351 985 Saepe
361 922 484 970 familior
492 921 551 970 lenis
558 924 584 970 in
593 921 658 970 hoste
670 921 725 972 fuit.

252 996 320 1060 Quid
326 997 437 1048 dubitas?
449 997 508 1066 quid
516 1014 567 1048 ruta
577 1003 663 1048 times?
675 999 777 1054 accede,
790 1016 906 1065 rogoque.

286 1074 378 1127 Caesare
386 1077 420 1126 nil
427 1080 509 1142 ingena
520 1080 602 1126 mitius
611 1079 676 1126 orbis
684 1079 764 1127 habet.

233 1184 237 1190 <
252 1156 295 1205 Me
305 1157 427 1206 miserum!
436 1153 495 1223 quid
500 1172 581 1221 agam,
589 1159 608 1204 si
611 1158 721 1220 proxima
730 1171 810 1221 quaeq·,
819 1155 974 1221 relinquunt?

205 1249 238 1293 4ο
286 1234 407 1283 Subtrahis
417 1231 515 1284 effraiio
526 1249 551 1284 tu
560 1251 656 1300 quoque
666 1233 731 1284 colla
739 1239 797 1299 jugo
807 1237 816 1284 Ξ

253 1311 309 1374 Quo
317 1312 396 1363 ferar?
408 1310 471 1362 unde
481 1327 560 1376 petam
572 1313 642 1378 lapsis
651 1312 735 1362 solatia
745 1316 830 1362 rebus?

284 1392 378 1440 Ancora
387 1393 436 1455 jam
447 1392 551 1439 nostram
558 1407 609 1440 non
618 1405 683 1440 tenet
691 1390 741 1452 ulla
753 1406 837 1440 ratem.

251 1465 362 1518 Viderit:
376 1468 424 1532 ipse
436 1469 542 1528 sacram,
556 1473 665 1534 quamvis
679 1469 781 1526 invisus,
795 1467 826 1518 ad
837 1485 903 1516 aram

285 1544 433 1610 confugiam
445 1565 452 1595 e
463 1545 541 1595 nullas
552 1548 678 1596 submovet
688 1563 827 1596 aramenus.

203 1625 235 1674 45
254 1623 372 1690 Alloquor
381 1640 410 1672 en
420 1625 502 1673 absens
508 1626 632 1689 prasentia
639 1628 739 1684 numina
747 1624 860 1690 supplex:

286 1706 311 1752 Si
320 1703 354 1752 far
363 1703 394 1752 est
402 1705 496 1752 homini
504 1719 560 1752 cum
570 1702 630 1752 love
642 1699 707 1768 polle
720 1703 797 1769 loqui.

253 1781 348 1830 Arbirer
358 1783 451 1845 imperii
463 1780 470 1830 l
483 1797 533 1848 quo
543 1796 635 1830 certum
646 1780 679 1830 est
685 1781 772 1846 sospite
779 1783 876 1830 cunctos

286 1860 395 1910 Ausonia
406 1875 487 1908 curam
498 1862 575 1924 gentis
585 1861 672 1909 habere
682 1858 760 1908 Deos:

254 1937 276 1986 0
292 1935 363 1986 decus
375 1938 383 1986 i
395 1937 410 1987 ὃ
424 1941 506 2002 patriae
513 1955 555 2002 per
566 1953 589 1987 te
600 1935 707 1988 florentis
716 1941 797 2003 imago
810 1938 816 1987 Ξ

207 2031 238 2082 fo
288 2015 310 2063 0
321 2019 357 2064 vir
368 2032 418 2064 non
426 2018 478 2080 ipso
486 2049 496 2074 ‚
505 2032 577 2080 quem
589 2019 650 2081 regis
661 2050 668 2075 ,
682 2017 739 2066 orbe
755 2017 850 2067 minor!

254 2094 292 2143 sic
302 2093 393 2142 habites
406 2108 496 2151 terrae,
512 2097 536 2142 δι
549 2108 571 2142 re
583 2091 702 2144 derideret
717 2091 804 2144 ather!

286 2174 324 2221 Sic
335 2169 366 2221 ad
373 2173 439 2237 paiia
447 2173 490 2220 tibi
499 2169 576 2220 sidera
586 2170 666 2220 tardus
677 2189 714 2222 eas
726 2173 731 2222 l
802 2221 804 2226 ,

253 2249 342 2309 Parce,
360 2266 442 2315 precor
450 2269 457 2298 ε
466 2253 642 2315 minimamque
654 2265 696 2300 tuo
708 2249 738 2300 de
749 2250 850 2300 fulmine
861 2268 955 2316 partem

230 2374 238 2398 Ι,
286 2327 363 2377 Deme
373 2346 381 2386 3
393 2329 448 2378 satis
458 2343 551 2394 poenae,
562 2327 631 2393 quod
641 2330 776 2393 superabit,
789 2331 842 2380 erit.

210 2420 237 2471 55
255 2406 293 2456 ira
303 2404 401 2472 quidem
409 2405 533 2457 moderata
547 2420 588 2456 tua
598 2407 646 2465 ell3
658 2410 781 2472 vitamque
792 2407 894 2460 dedilli=

286 2485 339 2535 Nec
349 2488 410 2536 mihi
420 2487 542 2551 juseivis,
554 2501 598 2534 nec
610 2487 671 2537 mihi
683 2501 774 2534 nomen
783 2485 855 2535 abest.

254 2563 306 2614 Nec
314 2581 367 2612 mea
377 2560 486 2613 conoeffa
497 2562 530 2611 est
539 2561 592 2612 aliis
604 2563 770 2612 Fortunarnec
781 2564 846 2612 exsul

286 2641 364 2691 Ediui
375 2645 452 2692 verbis
461 2643 575 2712 nominor
588 2642 638 2706 ipse
650 2643 692 2690 tui.

254 2719 391 2786 Omniaque
402 2722 452 2768 luc
464 2722 535 2768 timui
547 2753 556 2778 ,
572 2721 629 2784 quia
639 2735 678 2768 me
690 2717 800 2770 meruiffe
809 2718 936 2772 videbam:

205 2808 238 2850 ω
285 2797 332 2848 Sed
343 2814 383 2848 tua
393 2813 493 2864 peccato
502 2797 578 2846 lenior
589 2799 623 2846 ira
634 2813 689 2846 mro
698 2797 739 2848 est.

254 2875 317 2927 Arva
324 2877 456 2942 relegatum
466 2876 550 2940 jussisti
559 2877 634 2927 visere
647 2876 733 2932 Ponti,

286 2953 318 3002 Et
328 2955 466 3017 Scythicum
475 2953 581 3020 profuga
591 2951 681 3004 findere
690 2968 769 3020 puppe
781 2953 880 3004 fretum.

254 3029 330 3084 iussus
338 3029 370 3080 ad
379 3032 466 3085 Euxini
475 3031 594 3082 deformia
604 3031 747 3083 litoraveni.

215 3161 220 3175 ⁸
234 3177 243 3195 ἡ
286 3108 474 3179 AEquorierhac
485 3109 567 3177 gelido
574 3124 637 3162 terra
647 3110 742 3164 suune
749 3113 822 3176 jacet·
