2334 3917
272 383 551 449 ansrrurr
578 377 674 444 er.
706 375 737 444 I.
793 382 872 465 τός.

191 506 223 554 Sit
234 504 288 552 satit
299 521 304 551 r
314 503 412 567 ingenio
423 503 456 549 sie
468 498 524 564 fuga
534 490 600 563 piria
613 513 678 547 mro.

160 584 310 638 iramru,ir
323 570 366 645 pru
378 594 472 638 metu,
486 581 525 626 cui
535 578 608 635 litet,
619 577 697 640 aspice
707 578 821 626 Romam.

192 660 223 709 Di
239 660 344 709 facerent
355 692 363 717 ‚
374 654 467 723 poffem
478 672 541 705 nunc
552 672 619 705 meur
631 653 677 704 eise
687 654 759 705 liber!

161 738 209 788 Nec
222 751 259 797 te,
277 734 344 801 quod
353 737 434 785 venias
442 748 555 797 magnam
566 738 702 799 peregrinus
710 736 736 783 iu
746 733 854 795 Urbem,

194 816 303 880 Ignotum
320 813 411 879 populu
430 808 496 877 poss'e
506 814 587 861 venire
601 828 667 877 pura.
891 805 923 850 ὅθ

163 894 197 945 Ut
207 893 276 943 tituio
288 895 381 951 circas,
397 892 450 955 ipso
461 890 556 939 noscite
568 891 651 941 colore
661 908 670 949 3

195 970 348 1021 Dissimulare
358 969 417 1019 velis
432 985 456 1018 re
467 969 523 1017 litet
535 966 581 1018 effe
592 986 684 1018 meum.

165 1048 235 1101 Clam
247 1064 328 1099 tamen
338 1050 444 1105 intrar03
456 1062 500 1095 nrt
513 1061 535 1095 re
546 1062 600 1096 mea
610 1049 717 1095 carmina
730 1042 827 1094 ludant.

196 1124 251 1173 Non
269 1124 323 1172 sunt
335 1157 344 1183 ,
361 1136 388 1171 ut
404 1119 527 1187 quondam
539 1121 609 1186 plena
619 1122 707 1171 favoris
718 1135 794 1169 eraut.

163 1205 247 1267 siquis
258 1204 317 1255 erir,
334 1202 376 1266 qui
394 1214 433 1259 re,
450 1200 549 1265 quiuis
563 1216 648 1258 meur,
665 1196 711 1247 effe
727 1195 857 1262 legendum
899 1199 926 1250 ⁶5

190 1281 245 1330 Non
257 1294 339 1345 puter,
351 1295 364 1327 e
378 1280 470 1343 gremio
481 1280 620 1345 reliciatque
630 1280 687 1338 su03

161 1359 253 1423 Inspice
264 1392 273 1417 ,
291 1355 331 1406 dir
344 1390 352 1416 ,
365 1356 463 1405 titulum
475 1374 481 1404 r
493 1372 543 1406 non
554 1358 606 1405 sum
616 1370 747 1421 praeteptor
757 1348 868 1404 Amoris:

198 1437 261 1495 Quat
273 1438 378 1488 meruit,
392 1450 473 1499 poenas
488 1438 538 1499 janr
552 1430 620 1483 dedit
630 1433 693 1483 iilud
703 1432 779 1499 opus.'

165 1514 273 1562 forsitan
284 1515 417 1577 emprstes,
428 1528 459 1561 an
469 1515 495 1561 in
504 1512 553 1561 alta
561 1512 650 1577 palatia
660 1510 759 1561 miffum

199 1587 314 1639 Scandere
326 1606 349 1640 re
359 1592 453 1655 jubeam
463 1624 470 1649 ‚
482 1589 783 1657 Caeiireamquedomum.
801 1592 805 1599 '
899 1596 931 1643 70

165 1669 293 1733 Ignoscant
304 1669 400 1734 augusta
410 1670 470 1719 mihi
481 1668 551 1729 loca,
564 1668 646 1735 Dique
661 1669 773 1729 locorum
779 1687 786 1717 r

201 1749 274 1797 Venit
288 1750 314 1797 ln
323 1750 371 1796 hoc
381 1747 425 1798 illi
433 1748 526 1797 fulmen
537 1749 567 1797 ab
577 1764 631 1797 nrcr
641 1762 722 1813 caput.

167 1822 221 1873 Effe
233 1823 333 1890 quidem
344 1828 443 1874 memini
454 1827 582 1874 mitissima
596 1822 691 1873 sedibus
706 1823 756 1872 iilis
813 1861 816 1868 .

176 1900 181 1957 J
202 1904 309 1952 Numina
322 1920 330 1962 3
348 1900 389 1951 sed
403 1906 496 1961 timeo,
509 1906 550 1969 qui
561 1918 684 1961 nocuere,
703 1902 776 1951 Deos.

169 1982 282 2032 Terretur
292 1982 396 2030 minimo
406 1996 489 2047 penne
502 1978 601 2031 stridore
610 1981 739 2041 columba,
904 1992 919 2035 7
924 1991 932 2035 ς

203 2060 329 2127 Unguibus
338 2060 471 2125 ,recipiter
481 2096 489 2125 ‚
501 2062 581 2109 saucia
592 2060 653 2109 fasta
665 2064 720 2109 tuir.

169 2138 222 2189 Nec
235 2139 319 2203 procul
330 2135 448 2189 ustabulis
458 2136 530 2197 audet
539 2138 663 2194 secedere,
679 2141 698 2188 si
709 2156 758 2205 qua

203 2213 305 2265 Ercuii'a
316 2216 348 2265 est
358 2214 424 2267 avidi
434 2214 545 2266 dentibus
556 2232 617 2281 agna
632 2217 692 2283 lupi.

169 2294 266 2345 Vitaret
274 2293 364 2343 coelum
376 2295 499 2350 Phar'ton,
512 2298 531 2344 si
542 2298 648 2354 viverer3
663 2300 688 2345 bt
698 2299 760 2362 quur

206 2371 401 2438 Opriratstuki,
415 2388 511 2438 tangere
523 2374 601 2423 nollet
618 2377 701 2440 equor.
776 2372 780 2380 '

170 2450 216 2503 Me
230 2468 348 2518 quoque,
366 2468 419 2518 quie
437 2454 514 2513 sensi,
534 2452 613 2503 fateor
623 2454 688 2503 lovis
701 2469 768 2502 arma
778 2456 879 2511 timeres

206 2531 250 2579 Me
267 2547 321 2579 reor
331 2530 432 2589 infesto,
447 2529 502 2579 crirn
514 2546 602 2589 tonat,
619 2535 674 2597 igne
686 2534 744 2596 peri.

170 2608 328 2674 Quicumque
341 2608 452 2674 Argolici
460 2607 489 2657 de
500 2607 571 2659 claffe
581 2608 706 2675 Capbarei
717 2610 793 2674 fugit,

208 2688 307 2751 Semper
317 2688 347 2735 ab
358 2686 473 2735 Euboicir
483 2687 537 2738 vela
546 2691 669 2753 retorquet
678 2690 745 2752 aquis
810 2702 811 2706 ’

88 2744 89 2763 ¹
172 2762 206 2813 Et
220 2755 387 2826 meacymba{
399 2763 542 2813 sunrelvasti
554 2762 797 2830 pacatianorum,
909 2760 939 2824 ἴς

208 2842 283 2891 illurn
296 2876 305 2902 ,
322 2858 372 2909 quo
383 2842 437 2891 laesa
448 2842 493 2901 est,
503 2845 585 2892 horret
595 2841 661 2910 adire
671 2844 764 2893 locum.

172 2920 264 2986 Ergo,
281 2938 335 2973 cure
348 2922 441 2980 Liber,
460 2918 548 2971 timidi
562 2924 717 2987 circumspice
731 2938 826 2979 menter

212 3000 244 3062 Et
254 3001 330 3049 sarisa
341 2998 422 3049 medii
433 3002 463 3049 sit
474 3000 518 3048 tibi
529 2997 599 3063 plebe
608 2998 665 3065 legi.

172 3076 246 3131 Dum
257 3080 319 3144 perit
329 3076 431 3129 infirmis
442 3076 757 3145 nimiumsublimiaprunis
822 3136 827 3143 Ι
