2334 3917
260 402 402 472 Errat.
429 389 657 467 nirPouro
681 397 772 466 LI.
811 404 877 482 289

200 523 252 574 Nec
263 532 329 573 tenet
342 525 444 572 incertas
455 520 506 570 alea
516 517 604 569 blanda
616 533 710 570 marrus.

166 601 233 652 Crini
245 600 354 650 dedimus
368 601 473 656 somno,
488 613 545 661 quas
555 613 641 661 corpus
652 596 770 662 postulat,
789 599 870 656 horas,

202 680 258 739 Quo
269 694 358 744 ponam
371 676 474 742 vigilant
482 689 591 740 tempora
601 674 675 739 ionga
686 675 780 725 modo?

144 801 147 806 .
169 755 248 805 Motis
258 773 289 804 an
299 755 388 804 oblitus
400 755 472 818 patrii
481 750 627 801 contendere
638 750 729 801 discam

204 836 347 882 Sarmaticos
364 837 448 881 artus?
465 834 489 879 δι
502 832 581 879 trahar
593 845 642 880 arte
653 829 721 878 loci?
906 847 935 876 ω

170 911 227 961 Hoc
235 926 331 976 quoque
342 926 380 957 me
391 906 494 956 studium
509 907 638 971 prohibent
648 904 763 956 affunrere
773 911 833 958 vires
846 928 853 968 3

160 1038 163 1041 .
206 989 325 1053 Mensque
341 989 416 1052 magis
430 985 517 1051 gracili
527 1001 628 1049 corpore
639 985 718 1034 nostra
729 987 805 1036 'vaiet

173 1064 241 1117 Ctirn
254 1068 313 1114 bene
326 1067 461 1130 quatieris,
480 1061 541 1128 quid
551 1079 639 1127 agam,
654 1067 730 1129 magis
742 1064 801 1114 utile
811 1065 845 1114 nil
858 1067 889 1114 eir

207 1144 304 1192 Artibus
316 1144 368 1201 his,
385 1157 437 1207 quae
448 1140 483 1189 nii
495 1139 605 1190 utilitatis
615 1143 713 1192 habent.

174 1220 320 1286 Consequor
328 1236 357 1269 ex
366 1220 416 1268 illis
428 1218 495 1267 cattis
505 1218 596 1287 oblivia
606 1219 689 1268 nostri.
780 1257 781 1262 ,
910 1225 919 1268 5
928 1224 936 1267 i

209 1300 279 1348 Hanc
290 1300 345 1347 saris
356 1298 389 1346 est
401 1293 501 1346 meffern
512 1297 531 1346 ti
542 1313 597 1346 mea
612 1295 692 1347 reddit
700 1299 795 1347 huntur.

175 1377 315 1428 Gloriatur
329 1390 400 1426 acuat
410 1394 417 1424 t
426 1391 470 1426 vot
481 1389 509 1424 ut
520 1377 621 1426 recitata
632 1377 762 1442 probentur

210 1453 343 1514 Carmina,
356 1455 439 1504 Pi'e'tiir
449 1452 575 1518 invigilate
585 1455 674 1502 choris.

178 1531 254 1595 Quod
263 1535 332 1602 veuit
347 1549 376 1582 ex
392 1531 475 1590 facili,
484 1532 541 1580 satis
550 1530 584 1579 est
596 1547 741 1596 componere
750 1533 836 1583 nobit:

212 1610 244 1658 Et
259 1613 330 1658 nimis
339 1613 426 1660 intenti
436 1610 507 1658 causa
517 1607 606 1658 laboris
617 1610 688 1658 abest.
915 1629 945 1662 to

179 1686 233 1747 Cur
244 1702 289 1754 ego
299 1688 395 1742 soliciti
406 1686 499 1752 poliam
509 1702 563 1736 mea
576 1681 765 1737 terminaturi?

212 1766 253 1814 An
268 1782 365 1826 verear,
377 1782 407 1816 ne
417 1782 469 1815 non
478 1767 595 1830 approbet
605 1765 648 1814 illa
658 1766 746 1815 Getes?

180 1843 292 1893 Forsitan
301 1841 411 1895 audacter
421 1842 526 1901 faciam,
537 1841 579 1891 sed
589 1843 698 1908 glorior,
710 1843 794 1892 istrum

217 1910 317 1986 Ingenio
330 1921 426 1970 nulium
436 1925 513 1989 majus
523 1921 609 1970 babere
621 1937 686 1970 meo.

182 1998 254 2058 Hoc,
271 2000 313 2048 ubi
322 1998 470 2058 vivendum,
482 2000 536 2048 satis
546 1999 580 2048 est
590 2002 609 2048 si
626 2000 759 2066 consequor
765 2016 838 2062 awo,
914 2013 942 2064 σς

218 2075 282 2125 Inter
292 2078 435 2125 inhumanos
442 2072 488 2124 effe
494 2080 566 2140 po'e'ta
575 2076 657 2126 Getas.
710 2093 714 2102 ·

185 2153 243 2217 Quo
259 2156 320 2202 mihi
330 2151 450 2204 diversum
459 2152 526 2204 sarnai
536 2152 681 2204 contendere
691 2159 716 2205 in
728 2159 822 2210 orbem!

219 2229 299 2290 Quem
309 2228 406 2277 fortuna
415 2225 499 2288 dedit,
511 2229 589 2280 Roma
597 2233 627 2280 sit
641 2230 682 2280 iile
694 2231 770 2282 iocus.

187 2307 243 2370 Hoc
251 2323 305 2356 mea
315 2320 429 2355 contenta
439 2305 472 2354 eii
481 2306 566 2356 infelix
577 2309 648 2359 Musa
658 2311 761 2358 theatro.

220 2385 258 2432 Sic
269 2386 346 2432 merui
357 2401 365 2431 t
375 2387 457 2448 magni
467 2386 500 2432 sic
507 2384 604 2435 voluere
615 2385 671 2434 Dei.

188 2461 241 2512 Nec
252 2477 305 2510 reor
315 2462 372 2509 hinc
380 2461 439 2510 istuc
449 2462 534 2513 nostris
545 2465 591 2511 iter
603 2460 649 2512 effe
661 2463 763 2521 libellis,

222 2537 278 2598 Qud
293 2538 469 2604 Boreaspennti¹
477 2537 603 2590 deficiente
612 2545 688 2592 venit.

96 2682 97 2685 Ἴ
188 2614 417 2674 Dividimurcoe103
429 2633 529 2683 queque
539 2619 571 2668 est
582 2620 667 2684 procul
679 2622 736 2670 urbe
747 2621 858 2685 Quirini,

222 2696 314 2758 Aspicit
324 2697 426 2744 hirsutos
437 2700 546 2746 cominus
554 2696 615 2746 Ursa
624 2698 704 2747 Getas.

98 2782 100 2827 ς
186 2773 234 2842 Pet
245 2787 434 2832 tantumterrae,
452 2787 490 2821 tot
500 2790 589 2838 aquas,
604 2779 644 2825 vix
659 2774 754 2826 credere
765 2782 854 2843 possim
921 2790 948 2834 ῖς
968 2820 972 2825 .

224 2848 344 2900 Indicium
354 2849 425 2900 studii
435 2849 576 2901 transiluiffe
587 2855 644 2902 rnei.

102 2976 103 2991 ἶ
189 2929 265 2994 Finge
273 2928 337 2992 legi,
348 2926 462 2993 quodque
470 2928 504 2977 est
514 2930 641 2990 mirabile,
654 2930 717 2996 finge
729 2933 837 2996 placere:

222 3008 350 3055 Auctorem
361 3005 423 3054 certe
433 3021 469 3054 tet
478 3009 545 3071 juvet
555 3008 598 3056 ista
608 3008 679 3059 nihil.

194 3083 251 3144 Quo
261 3085 320 3140 ribi,
333 3087 352 3132 si
370 3081 450 3135 caiidi
460 3087 552 3148 positus
563 3083 658 3138 laudere
668 3087 743 3150 Syene
755 3107 763 3147 ;

233 3163 300 3219 Torn.
311 3163 363 3220 111.
773 3173 797 3222 N
