2334 3917
100 472 103 531 ι

306 364 376 430 290
436 339 479 407 P.
504 337 660 404 omnir
682 333 878 406 NAtouis

255 470 288 518 80
336 464 383 510 Aut
398 459 439 508 ubi
449 459 610 524 Taprobanen
624 455 707 507 Indica
717 461 793 524 cingit
805 462 884 526 aquai

302 538 379 590 Altiris
391 541 426 586 ire
442 534 519 588 libeti
541 539 561 584 ri
572 551 596 586 te
609 534 718 587 distantia
733 533 804 600 longi

332 613 458 665 Pleiadum
470 612 569 664 laudent
579 617 663 680 signa,
675 611 734 679 quid
746 611 801 663 inde
813 611 892 665 feras?

298 692 344 743 Sed
354 710 431 760 neque
442 696 555 759 pervenio
567 694 658 757 seriptis
670 689 830 742 mediocribus
843 693 918 752 illuc3

331 773 450 838 Famaque
462 787 519 820 curn
527 767 629 820 domino
638 768 700 834 fugit
711 769 740 817 ab
749 767 815 818 Urbe
827 771 879 820 suo.

248 851 277 911 85
297 851 409 917 Vosque,
418 851 589 916 quibusperii,
598 846 719 896 tuncrum
730 863 783 895 mea
793 846 858 898 fama
870 847 960 914 sepulta
970 852 1009 906 eli,

330 929 402 980 Nunc
412 945 507 994 quoque
518 924 548 978 de
558 925 637 978 nostra
647 939 725 975 morte
737 939 814 977 tacere
825 942 889 976 reor.

334 1039 991 1134 &mm

424 1201 765 1266 EPISTOLA
804 1201 878 1263 VI.

489 1324 818 1388 GRAECINO.

293 1410 369 1536 Ec
377 1499 421 1543 ou
430 1502 464 1536 tn
479 1520 487 1546 ,
503 1499 530 1535 ut
540 1484 644 1547 audisti,
656 1501 711 1538 narn
726 1501 750 1537 te
761 1486 854 1538 diversa
865 1491 960 1541 tenebat

325 1567 416 1624 Terra,
438 1581 505 1614 meos
519 1567 603 1624 casus,
615 1581 657 1614 cot
669 1567 712 1614 tibi
723 1566 786 1614 triste
797 1565 862 1615 fuiti

291 1643 451 1703 Dissimules,
465 1657 604 1709 metuatque
619 1644 676 1693 lieet
706 1643 831 1705 Gratiae,
848 1644 935 1703 fareris

324 1726 348 1773 Si
361 1724 420 1772 bene
439 1737 462 1772 te
479 1725 554 1781 novi,
567 1721 632 1770 stille
643 1718 712 1770 fuiss'e
722 1722 807 1787 liquet⁴

260 1817 271 1867 5
294 1803 352 1852 Non
366 1799 431 1851 eadit
440 1803 466 1850 in
480 1817 559 1850 mores
569 1800 649 1850 feritas
660 1799 797 1848 inamabilis
806 1799 879 1858 illosr

326 1881 377 1929 Nec
388 1881 466 1928 minus
476 1896 491 1929 a
502 1877 585 1928 studiis
601 1875 699 1928 dissidet
713 1877 757 1926 illa
773 1880 828 1926 tuis.

290 1959 386 2009 Artibus
396 1957 504 2022 ingenuis
516 1991 524 2016 ,
537 1971 638 2022 quarum
651 1957 695 2004 tibi
707 1959 812 2004 maxima
821 1971 878 2006 cura
888 1958 937 2019 est,

323 2037 419 2084 Pestora
428 2032 588 2092 mollescunt,
598 2035 755 2098 asperitasque
768 2033 839 2098 fugit.

289 2113 340 2163 Nec
349 2116 475 2178 quitquam
483 2109 585 2160 meliore
594 2109 641 2160 fide
653 2111 895 2176 compleffltutillas‚

240 2192 272 2243 ¹ro
322 2191 377 2252 Qui
387 2193 443 2240 sinit
452 2186 577 2247 officium,
596 2188 737 2256 militiaque
749 2189 825 2239 labor.

288 2268 360 2320 Certi
372 2285 433 2334 ego,
450 2267 506 2316 etim
516 2265 622 2336 primum
633 2271 702 2332 potui
713 2271 797 2318 sentire
808 2267 866 2335 quid
877 2269 971 2336 errem,

320 2348 384 2396 Nam
400 2347 446 2396 fuit
459 2349 564 2396 attonito
572 2361 639 2394 mens
647 2347 708 2394 mihi·
715 2346 781 2395 nulla
792 2345 833 2395 diu
845 2384 854 2410 ‚

287 2427 341 2476 Hoc
357 2442 453 2492 quoque
463 2427 575 2475 Fortuna
584 2428 661 2484 sensi,
678 2423 744 2492 quod
755 2429 844 2475 amicus
855 2426 965 2492 abeffes,

318 2506 367 2566 Qui
378 2509 438 2554 milri
449 2503 585 2569 presidium
601 2503 689 2570 grande
696 2505 794 2552 *futurus
809 2521 867 2554 eras.
965 2502 968 2507 ’

239 2597 265 2643 15
286 2585 378 2634 Tecum
392 2598 449 2632 tunc
464 2584 561 2632 aberant
570 2597 637 2647 segra
647 2582 731 2631 solatia
740 2586 841 2642 mentis,

318 2662 454 2726 Magnaque
463 2675 516 2725 pars
526 2664 627 2715 animas,
640 2660 781 2725 consiliique
793 2663 849 2709 mei.

284 2735 707 2805 Arnunc,quodsupereli,feropem‚
719 2753 803 2802 precor
811 2740 1003 2796 eminusunamg

215 2812 217 2815 ’
316 2811 809 2881 Alloquioquejuvapeilornnosttatuo.'

285 2896 359 2956 Qun,
368 2910 418 2943 non
425 2892 536 2943 mendaci
545 2896 564 2941 si
573 2891 706 2958 quidquam
718 2891 793 2948 credis
801 2895 898 2955 amico,

237 2986 267 3018 ao
317 2973 393 3021 Stulta
410 2975 485 3036 magis
501 2969 567 3028 dici3
584 2969 658 3035 quim
674 2970 803 3030 scelerata,
819 2969 897 3022 decet.

284 3049 336 3100 Nec
350 3049 421 3110 leve,
432 3065 476 3098 nec
484 3063 563 3098 tutum
575 3082 583 3109 ,
595 3051 685 3113 peccari
696 3061 749 3112 qua
759 3051 886 3114 sitorigo,
