2334 3917
256 396 780 505 Errsn.1·:xPoNToL.III.
830 454 891 518 343

100 552 105 571 ¹
177 552 233 602 Nec
251 554 325 603 scelus
346 551 478 611 admittas,
500 554 519 600 si
536 549 665 599 consoleris
675 550 799 606 amicum,

213 632 331 681 Mollibus
350 636 375 680 δι
394 632 472 682 verbis
489 631 569 694 aspera
587 628 635 675 fata
655 626 725 676 leves.

180 708 253 769 Cur,
269 708 327 759 dum
340 724 391 759 tuta
402 712 488 767 times,
509 707 568 755 facis
584 720 611 754 ut
624 706 755 755 reverentia
770 702 823 752 talis
854 734 857 741 ·
916 725 941 772 ¹5

214 787 265 835 Fiat
282 790 307 835 in
323 786 439 851 Augustos
457 782 574 834 invidiosa
589 783 674 832 Deos?
698 794 702 798 ’

179 863 296 934 Fulminis
315 864 408 914 afflatos
425 860 545 911 interdurn
562 858 643 911 vive're
660 860 713 909 reiis

213 942 324 992 Vidimus
337 940 388 1001 ,'&
407 938 488 995 refici,
504 956 553 989 non
571 940 712 999 prohibente
723 936 791 985 Jove.

178 1018 250 1079 Nec,
273 1022 328 1085 quia
345 1018 470 1083 Neptunus
490 1033 574 1066 navem
594 1017 707 1065 lacerarat
721 1014 834 1076 Ulyssis‚

210 1098 345 1147 Leucoth'e'e
362 1099 430 1145 nanti
448 1095 509 1144 ferre
525 1098 621 1159 negavit
633 1110 714 1159 opern.
912 1116 942 1149 20

178 1172 259 1225 Crede
276 1176 349 1234 mihi,
369 1176 461 1222 miseris
475 1174 579 1223 coelestia
596 1176 696 1221 numina
712 1185 811 1235 parcunt
828 1186 834 1217 ε

209 1252 261 1301 Nec
276 1255 366 1317 semper
380 1252 460 1311 laesos,
473 1256 497 1301 dt
510 1254 560 1299 sine
572 1248 639 1310 fine,
656 1262 777 1315 premunt·

177 1330 287 1395 Principe
303 1347 346 1379 nec
362 1330 441 1379 nostro
459 1329 524 1377 Deus
538 1328 570 1377 est
585 1325 733 1377 moderatior
743 1325 825 1373 ullus:

182 1444 184 1449 .
207 1408 299 1457 Justitii
315 1411 375 1457 vires
395 1422 511 1472 temperat
524 1406 568 1454 ilie
585 1408 646 1455 suas.

176 1486 258 1551 Nuper
272 1503 324 1536 eam
339 1485 419 1537 caesar
434 1486 496 1534 faiio
508 1482 537 1534 de
554 1500 673 1538 marmore
685 1482 793 1547 tempio;
908 1504 935 1547 ²t

208 1563 369 1629 iampridem
385 1564 465 1628 posuit
480 1564 566 1611 mentis
583 1565 609 1608 in
625 1558 676 1609 aede
694 1561 748 1607 suae.

171 1640 305 1706 iuppitet'
298 1657 324 1690 tn
341 1641 431 1691 multos
449 1642 573 1690 temerarie
591 1638 695 1688 suintino
710 1651 824 1704 torquet,

208 1720 255 1779 Qui
267 1736 363 1785 poenam
374 1719 445 1784 culpi
455 1735 505 1767 non
519 1734 625 1766 meruere
636 1718 698 1781 pari.

93 1836 98 1845 .
171 1782 285 1846 Obruerit
305 1800 369 1846 sevit
390 1794 446 1845 etim
465 1810 502 1845 tot
518 1794 584 1844 Deus
602 1796 704 1859 equoris
719 1786 806 1851 undis,

205 1871 239 1919 Ex
251 1871 297 1919 illis
311 1874 385 1936 mergi
397 1886 448 1935 pars
461 1884 536 1936 quota
546 1868 619 1937 digna
631 1868 695 1916 fuit?
908 1884 939 1928 3⁰

176 1948 241 2000 Ctim
258 1951 415 2013 percantatio
432 1948 562 1996 sortistima
577 1962 696 2012 qutque,
713 1944 755 1992 sub
769 1942 820 2008 ipso

205 2024 306 2086 ludite,
325 2025 427 2075 delestus
445 2026 554 2074 Martis
548 2027 643 2089 iniquus
660 2026 714 2071 etit.

173 2102 224 2161 At,
240 2106 260 2151 ti
279 2102 340 2152 forte
352 2104 433 2153 velit'
426 2120 451 2152 ιιι
467 2118 510 2153 nos
524 2105 664 2167 inquirere,
680 2113 752 2149 ntnro
769 2098 802 2148 ost

204 2179 252 2239 Qui
271 2182 312 2240 se,
331 2180 398 2246 quod
412 2185 520 2246 patitur,
538 2176 705 2230 comnieruiise
722 2192 802 2243 neget

171 2255 254 2315 Adde,
267 2256 515 2323 quodexstinuosvei
529 2258 605 2323 aqud,
616 2256 761 2315 velMarte,
772 2256 885 2319 religni
907 2272 934 2316 ις

204 2332 280 2382 Nulla
290 2335 383 2397 potest'
376 2350 463 2383 iterum
474 2333 597 2383 testituiss'e
608 2333 667 2382 dits
950 2362 953 2366 ·

171 2409 283 2460 Restituit
295 2410 400 2465 multos,
414 2426 454 2459 aut
469 2426 545 2475 ptrnae
563 2426 629 2476 perte
647 2405 735 2459 levavit

205 2486 306 2546 Caesar3
329 2491 381 2536 δι’
373 2504 399 2536 ιιι
417 2488 499 2537 multis
516 2504 554 2536 me
570 2488 631 2538 velit
646 2486 707 2546 eise,
728 2500 820 2551 pretor.

171 2564 211 2615 An
233 2578 278 2623 tu,
300 2564 355 2613 cuim
371 2564 413 2614 tali
425 2565 527 2630 populus
543 2568 585 2615 sub
604 2567 712 2630 Principe
731 2568 819 2624 simut,

203 2641 319 2707 Alioquin
337 2642 434 2708 profugi
451 2642 525 2693 credis
539 2643 612 2693 incise
627 2647 740 2693 metum?
902 2672 935 2715 40

170 2718 280 2771 Forsitan
298 2722 347 2769 hec
362 2718 464 2770 domino
478 2720 611 2771 Busiride
604 2738 655 2788 pure
674 2726 784 2781 timeret,

203 2798 252 2847 Aut
268 2798 341 2847 solito
357 2799 450 2847 clausor
468 2814 534 2848 urere
557 2804 581 2849 in
602 2805 737 2850 ereviros.

168 2874 256 2925 Desine
276 2878 361 2926 mitem
378 2880 485 2927 animum
505 2894 566 2927 vano
587 2878 702 2928 infamare
720 2882 815 2927 timore.

201 2954 266 3002 Saeva
282 2952 342 3019 quid
357 2956 383 3003 in
399 2952 501 3019 placidis
519 2957 572 3005 saxa
593 2960 680 3006 veteris
701 2960 784 3022 aquis?

168 3027 219 3095 lpse
240 3044 299 3095 ego,
316 3030 383 3098 quod
394 3032 473 3099 primo
484 3036 566 3099 scripti
577 3038 628 3083 sine
638 3038 737 3086 nomine
746 3036 830 3095 tobis,
896 3053 925 3101 ⁴5

201 3106 248 3157 Vix
267 3110 370 3161 excusati
384 3108 452 3179 poise
469 3114 530 3189 inihi
551 3110 644 3166 videor.
690 3181 709 3235 P
730 3181 735 3193 Ι

727 3200 755 3236 tt
