2334 3917
291 354 585 475 FAsronvM
609 405 710 474 Lrn.
736 408 811 478 IV.
866 432 906 496 91

221 524 255 576 Et
270 543 387 591 generum
403 526 518 583 OEniden‚
536 510 738 593 AqrpuieDaune‚
758 544 837 581 tuum.

99 612 103 619 '
189 606 260 655 Serus
272 607 302 654 ab
315 606 402 663 iliacis,
411 610 441 655 -&
452 607 505 671 post
518 609 657 665 Antenora,
672 605 778 656 flammis

222 684 313 753 Attuiit
333 684 418 731 AEneas
432 688 457 731 in
467 684 522 732 ioca
536 685 614 733 nostra
626 684 701 731 Deos.

188 760 267 828 Hujus
288 776 338 811 erat
354 762 475 819 Solimus,
492 763 597 826 Phrygia
607 778 689 809 tomes
702 762 766 809 exsul
778 763 809 813 ab
820 759 880 821 ida,

221 842 241 888 A
258 857 308 906 quo
320 840 441 889 Sulmonis
455 844 545 889 moenia
559 856 649 888 nomen
664 841 762 890 habent.

189 914 311 963 Sulmonis
324 912 413 979 gelidi,
430 928 528 978 patriae,
539 914 698 970 Germanieet
716 911 812 960 nostra.

221 992 264 1041 Me
283 991 413 1041 miserum!
432 992 544 1052 Scythico
556 989 631 1055 quim
646 988 730 1054 procui
745 987 788 1037 illa
798 987 851 1037 solo
861 988 907 1037 est!

187 1070 253 1135 Ergo
267 1087 313 1135 ego
325 1073 334 1118 i
351 1085 400 1118 tam
410 1067 493 1133 longas
504 1064 544 1116 sed
552 1070 682 1131 supprime.
690 1066 760 1115 Musa
771 1100 779 1125 ,
790 1068 909 1131 querelam

220 1148 280 1197 Non
295 1148 339 1196 tibi
351 1148 405 1195 sunt
414 1145 493 1194 masta
506 1145 569 1192 sacra
580 1142 688 1193 canenda
696 1144 759 1205 lyri.

187 1223 244 1284 Qun
256 1241 306 1273 non
320 1224 392 1272 Livor
403 1224 453 1273 abit
463 1226 471 1270 Ξ
483 1224 536 1271 sunt
548 1225 590 1287 qui
602 1224 646 1270 tibi
657 1226 743 1270 mensis
756 1222 875 1271 honorem
921 1219 950 1282 85

219 1292 337 1360 Eripuiffe
352 1295 447 1354 veiint,
464 1292 651 1359 invideantque,
670 1296 761 1344 Venus.

185 1372 267 1431 Nam,
281 1375 338 1437 quia
352 1372 400 1420 Ver
417 1373 492 1436 aperit
502 1386 559 1419 tune
568 1375 651 1420 omnia
662 1406 670 1429 ,
682 1370 802 1441 densaque
813 1371 878 1425 cedit

217 1452 322 1514 frigoris
341 1451 469 1514 asperitas,
491 1447 587 1514 fetaque
607 1463 669 1498 terra
684 1453 766 1514 pauiu
898 1514 901 1517 ἢ

183 1528 294 1593 Aprilem
305 1542 441 1577 memorant
457 1528 487 1576 ab
503 1541 585 1592 aperto
603 1542 712 1592 tempore
726 1526 835 1588 diiiunu

217 1606 299 1667 Quem
310 1606 390 1655 Venus
402 1606 487 1670 inieffl
497 1603 604 1655 vindicat
615 1605 679 1655 alma
689 1622 771 1655 manu.
919 1624 954 1670 90

183 1682 229 1733 illa
243 1680 344 1749 quidem
357 1698 436 1731 totum
450 1680 589 1747 dignissima
605 1698 722 1749 temperat
731 1684 837 1747 orbenu

216 1760 263 1811 llla
284 1776 349 1811 tenet
358 1761 427 1830 nullo
437 1778 511 1825 regna
520 1765 616 1812 minora
623 1762 678 1810 Deo
687 1778 696 1820 ς

187 1840 292 1906 iuraque
310 1837 352 1889 dat
363 1839 446 1894 culo,
461 1854 548 1899 terre,
567 1839 686 1889 natalibus
704 1836 791 1898 andin

216 1919 308 1983 Perque
320 1934 381 1966 ,suos
398 1922 471 1969 initus
486 1920 596 1967 continet
605 1933 679 1967 omne
689 1932 773 1983 genus.

183 1996 228 2046 Illa
241 1998 307 2046 Deos
323 2013 425 2056 omnes,
440 1997 540 2061 longum
552 2012 689 2045 enumerate
699 2030 708 2055 ,
719 1996 810 2055 crearit,
820 2013 828 2055 ς
914 2022 945 2071 95

216 2074 260 2123 illa
275 2077 328 2123 satis
348 2077 427 2123 causas
447 2078 619 2141 arboribusque
639 2072 715 2125 dedit·

182 2152 229 2204 Ilia
246 2151 316 2204 tudes
330 2156 422 2202 animos
438 2156 565 2203 hominum
581 2157 700 2205 contraxit
716 2156 743 2203 in
759 2170 854 2215 unum,

215 2230 247 2279 Et
265 2228 349 2279 docuit
365 2232 433 2296 jungi
449 2246 504 2279 cum
519 2248 575 2294 pare
587 2247 707 2297 quemque
726 2231 776 2280 sui.

182 2306 249 2369 Quid
258 2324 332 2373 genus
340 2325 411 2357 omne
419 2309 626 2368 ereatvolucrum‚
632 2314 678 2360 nisi
686 2310 900 2378 blandavoluptas?

213 2386 267 2435 Nee
278 2392 364 2436 co'e'ant
373 2384 475 2451 pecudes
488 2422 496 2445 ‚
508 2390 527 2436 si
539 2388 597 2437 levis
608 2389 669 2437 abrit
679 2405 756 2438 amor.
900 2410 947 2448 102

180 2465 247 2518 Cum
265 2481 332 2515 mare
347 2479 401 2514 trux
412 2469 471 2514 aries
479 2482 555 2515 cornu
567 2464 675 2516 decertat
685 2485 692 2515 r
704 2481 729 2515 at
741 2464 808 2519 idem

212 2546 329 2593 frontem
345 2540 436 2595 diutia
447 2542 532 2593 ludere
544 2548 620 2609 parcit
630 2549 692 2594 ovis.

178 2620 298 2687 Depositi
313 2635 392 2670 taurus
404 2613 509 2691 sequitur
520 2621 615 2674 feritate
625 2628 750 2686 juvencam
762 2657 772 2680 .

211 2700 296 2760 Quem'
308 2702 354 2748 toti
370 2698 459 2757 saltus,
472 2716 544 2768 quem
558 2716 643 2751 nemus
654 2718 743 2761 omne,
763 2717 877 2753 tremunt.

177 2778 222 2829 Vis
234 2774 335 2835 eadem,
353 2776 403 2827 lato
415 2774 584 2842 quodcumque
596 2779 638 2827 sub
647 2794 742 2847 aequore
753 2782 830 2841 vivit,
899 2805 943 2858 ¹⁰5

209 2856 294 2905 Servat
305 2857 346 2913 3&
355 2856 488 2903 innumeris
496 2857 599 2919 piscibus
609 2857 695 2923 implet
705 2874 785 2923 aquas.

176 2935 259 2985 Prima
270 2933 333 2999 feror
348 2933 442 2982 habitur
456 2934 551 2985 homini
565 2934 720 2987 detraxirtab
738 2937 783 2989 iila
853 2975 857 2980 -

209 3013 335 3060 Venerunt
346 3009 424 3060 cultus
435 3010 573 3077 mundaque
586 3031 642 3064 cura
652 3016 697 3064 sui.

924 822 956 869 80

175 3090 270 3147 Primus
285 3104 367 3143 amaus
384 3104 481 3143 carmen
494 3090 638 3161 vigilatum,
651 3096 721 3149 nocie
731 3094 837 3165 negati,
