2334 3917
271 425 335 491 128
411 420 454 489 Ρ.
484 422 641 489 Ονιυη
662 424 856 492 NAsonrts

298 538 408 589 imbelles
417 556 506 607 captet
517 578 525 603 ,
536 543 689 610 soliciturque
701 544 777 610 lepus.

266 616 324 667 Non
333 619 377 666 sibi
387 653 395 678 ‚
406 619 546 685 respondit,
563 614 633 672 §ilvae
644 621 734 671 cessiffe
746 641 754 683 3
770 621 811 673 sed
821 626 923 684 horret,

299 698 408 763 Arvaque
419 701 521 763 pugnaci
533 716 581 749 non
594 698 702 750 adeunda
714 700 778 750 ferae.

221 775 262 824 ³75
268 773 356 824 Omnia
364 774 458 825 finierat
468 794 475 824 r
488 791 568 827 tenues
576 780 668 827 secessit
676 782 701 827 in
711 795 787 829 auras.

300 852 391 903 Mansit
404 853 479 903 odor:
486 853 562 919 poffes
574 858 631 904 scire
643 852 712 904 fuiffe
723 856 810 905 Deam.

267 929 364 981 Floreat
379 947 406 981 ut
418 947 471 981 toro
484 928 580 995 carmen
592 932 694 983 Nasonis
705 937 730 983 in
746 950 813 987 evo,

300 1010 400 1075 Sparge,
412 1025 496 1075 precor
506 1043 514 1069 ‚
527 1007 597 1059 donis
607 1013 701 1075 pestora
711 1011 789 1061 nostra
799 1009 854 1058 tuis.
919 1011 922 1019 '

267 1086 385 1139 NOCTE
395 1091 473 1136 minus
483 1087 568 1153 quarti
578 1104 674 1153 promet
684 1090 724 1137 sua
736 1086 916 1137 sideraChiron

224 1163 389 1226 3floSemivir,
403 1169 427 1215 dt
445 1164 501 1215 flavi
513 1181 614 1231 corpore
625 1169 712 1215 mixtus
721 1168 786 1231 equi.

268 1242 353 1293 Pelion
363 1242 495 1292 tremonia
502 1258 571 1293 mons
578 1244 612 1292 est
618 1244 729 1293 obversus
736 1245 761 1291 in
770 1240 863 1291 Austros
875 1257 882 1289 e

300 1322 399 1371 Summa
409 1324 487 1369 virent
493 1323 566 1385 pinu,
577 1336 655 1370 cetera
664 1336 763 1387 quercus
771 1320 851 1369 habet.

268 1396 411 1461 Phillyrides
422 1400 512 1449 tenuit:
522 1402 576 1448 laxo
584 1399 644 1448 stant
654 1413 721 1447 antra
731 1398 842 1456 vetusto,

302 1475 361 1537 Quae
372 1476 460 1543 justum
471 1491 607 1526 memorant
616 1473 742 1526 incoluisse
757 1478 846 1524 senem.

217 1541 315 1619 tritine
326 1569 409 1602 manus
422 1588 430 1613 ‚
442 1554 503 1603 olim
517 1552 625 1603 milluras
639 1555 740 1604 Hestora
751 1553 818 1612 lero,

302 1630 415 1683 Creditur
425 1636 450 1682 in
458 1632 538 1697 lyricis
547 1631 673 1683 detinuisse
683 1630 771 1681 modis.

270 1711 374 1761 Venerat
384 1708 478 1760 Alcides
486 1746 494 1771 ,
503 1711 583 1760 eraut
594 1726 659 1776 parte
668 1710 794 1767 laborum,

303 1787 414 1858 iussaque
424 1790 541 1838 restabant
552 1789 637 1838 ultima
648 1803 713 1853 patne
724 1790 787 1836 viro.

272 1868 338 1916 Stare
348 1868 418 1917 simul
428 1870 481 1917 calu
492 1868 572 1931 Trojae
583 1865 631 1915 duo
640 1866 689 1915 fata
699 1862 792 1915 videres
803 1880 811 1921 ς

224 1946 274 1997 390
307 1945 371 1994 Hinc
379 1962 436 2009 puer
448 1943 570 2005 Reddet,
581 1947 637 1993 hinc
645 1945 703 1993 Jove
713 1958 781 1992 natus
789 1954 847 1988 erat.

272 2021 366 2086 Excipit
377 2024 481 2087 hospitio
491 2025 604 2086 juvenem
614 2021 748 2083 Philyreius
758 2023 827 2068 heros
838 2034 847 2077 ς

278 2100 280 2105 ’
304 2099 335 2147 Er
345 2102 440 2149 causant
451 2097 565 2149 adventus
574 2102 614 2149 hic
624 2114 708 2164 rogat,
722 2098 764 2147 ille
774 2097 855 2147 docet.

272 2175 331 2224 Pers
327 2180 385 2241 picit
395 2180 483 2227 interea
494 2178 588 2229 clavam
598 2178 748 2243 spoliumque
758 2176 836 2225 leonis
846 2191 855 2233 3
873 2166 877 2173 ¹

306 2256 397 2323 Virque
409 2290 418 2315 ,
434 2259 467 2304 ait
477 2290 485 2316 ,
495 2258 531 2305 his
542 2259 614 2305 armis
625 2291 633 2314 ,
646 2270 758 2320 armaque
769 2252 840 2318 digna
848 2253 910 2301 viro.

228 2349 237 2393 3
242 2334 326 2392 95Nec
338 2337 360 2383 se
373 2370 381 2393 ,
395 2336 453 2401 quin
465 2334 563 2382 horrent
577 2332 691 2382 auderent
701 2346 796 2397 tangere
807 2330 861 2377 setis

306 2411 390 2462 Vellus
403 2446 411 2471 ,
429 2410 542 2459 Achilleae
553 2414 692 2460 continuere
704 2424 796 2459 manus.

273 2490 387 2555 Dumque
398 2491 466 2537 senex
478 2491 560 2538 traetat
570 2488 702 2553 squalentia
712 2488 761 2537 tela
772 2484 885 2544 venenis,

306 2565 416 2621 Excidit,
427 2570 451 2615 δι
466 2567 525 2615 laevo
537 2564 582 2615 fixa
598 2568 683 2630 sagitta
694 2564 756 2631 pede
770 2565 811 2613 est.

275 2645 395 2710 Ingemuit
404 2644 507 2703 Chiron,
520 2647 637 2709 traxitque
648 2659 771 2708 ecorpore
782 2642 870 2690 ferrum
879 2657 889 2699 3

226 2743 275 2789 400
307 2725 419 2789 Aggemit
434 2720 540 2777 Alcides,
554 2721 741 2785 Haemoniusque
751 2735 817 2783 puer.

275 2801 327 2866 Ipse
343 2814 423 2850 tamen
434 2800 503 2849 leoas
513 2799 626 2864 Pagasaeis
638 2797 740 2847 collibus
751 2796 836 2847 herbar

308 2879 457 2944 Temperat,
472 2882 496 2927 δι
507 2877 573 2927 varii
583 2876 682 2926 vulnera
693 2873 784 2925 mulcet
795 2888 852 2939 ope.

181 2949 183 2953 ’
275 2956 347 3003 Virus
359 2954 419 3005 edax
426 2955 551 3020 superabat
562 2972 635 3020 opem
646 2954 802 3019 :penitusque
812 2966 908 3016 recepta

309 3034 406 3082 Ossibus
418 3067 426 3091 ‚
446 3036 470 3081 δι
483 3046 535 3081 toto
546 3048 646 3096 corpore
655 3031 724 3096 pestis
733 3045 792 3078 erat.

228 3113 394 3177 4otsanguine
405 3109 521 3164 Centauri
531 3111 634 3161 Lernaeae
644 3112 738 3175 languis
749 3104 864 3161 Echidna
