2334 3917
296 398 359 463 168
435 394 478 461 Ρ.
508 395 664 461 0t111>11
685 396 881 464 NAsonts

323 515 404 565 Nescit
415 552 422 571 .
434 518 473 566 cui
484 513 587 565 domino
604 532 702 581 puteat,
714 515 780 567 uncia
789 521 871 567 maris.

286 592 351 643 Nam
362 592 439 643 mollit
458 610 576 659 purpureo
590 598 652 645 vitet
668 599 733 660 capit
744 596 820 645 Eutut
828 597 859 645 ab
871 611 944 654 ortua

318 669 390 721 Nunc
402 670 526 735 Zephyrus
540 672 594 720 t'tto
603 673 699 737 vespere
709 670 792 722 muffet
807 672 881 723 adest.

284 744 357 797 Nunc
372 745 467 813 gelidus
478 748 540 797 sicca
554 747 641 797 linteas
652 749 781 799 bacchatur
792 750 823 799 ab
836 752 924 809 Atstot

236 843 266 887 30
316 825 389 877 Nunc
407 825 487 877 Notus
498 824 597 875 advetus
614 827 699 891 ptoelia
709 826 791 877 fronte
802 829 873 891 gerit.

282 904 367 955 Resiot
383 908 409 953 in
420 907 513 954 iueerto
525 905 570 963 estp
589 920 650 963 nec,
665 902 725 969 quid
737 904 843 968 fugiatve
855 921 970 970 petatve,

312 984 406 1033 Invenit
414 984 542 1048 :ambiguis
554 999 592 1032 ate
603 982 680 1047 stupet
690 984 740 1047 ipsa
750 982 830 1031 malis.

279 1060 376 1111 Scilicet
388 1057 521 1110 occidimus
532 1078 541 1119 3
557 1076 603 1113 nec
613 1062 683 1125 spes,
698 1064 744 1110 niti
757 1076 837 1119 vana,
853 1062 954 1112 salutist

310 1138 424 1204 Dumque
437 1137 537 1204 loquor.
550 1139 633 1190 tultus
642 1140 726 1189 obnuit
736 1137 801 1189 uude
809 1155 886 1188 meos.

231 1236 256 1279 35
277 1216 404 1282 opprimet
419 1221 481 1267 hanc
495 1221 602 1267 animam
612 1216 697 1267 liuiltte
707 1236 715 1265 z
727 1217 859 1284 feusteaque
868 1223 977 1285 ptetanti
1009 1278 1014 1285 .

307 1295 356 1345 Ore
372 1312 494 1346 necaturas
506 1299 649 1361 accipiemut
658 1312 740 1363 aquea.

274 1375 306 1422 At
322 1377 362 1438 pia
377 1374 413 1423 nil
427 1373 494 1424 aliud
503 1390 577 1440 quam
589 1390 629 1423 me
642 1373 712 1424 dolet
722 1373 801 1423 exsule
813 1376 901 1439 conjux
908 1391 917 1431 3

306 1453 359 1502 Hoc
372 1468 447 1503 unum
461 1452 534 1501 nostri
545 1455 637 1519 scitque
646 1455 769 1519 gemitque
784 1453 852 1501 mali.

271 1530 355 1583 Nescit
367 1535 393 1581 in
405 1532 523 1581 immenso
534 1535 616 1597 jactati
629 1547 730 1596 corpora
739 1545 833 1596 ponent

221 1630 254 1676 40
303 1610 386 1661 Nescit
396 1612 434 1677 agi
452 1614 528 1661 ventis
538 1628 544 1659 t
558 1612 634 1661 nescit
644 1607 722 1659 adesse
732 1625 826 1660 necem·

270 1688 303 1739 Dl
319 1690 394 1739 bene!
406 1687 534 1756 quoduon
549 1691 602 1739 sum
611 1705 707 1739 mecum
721 1686 879 1739 tnnsteudtte
889 1684 986 1752 passus,

273 1787 276 1797 ¹
303 1767 341 1817 Ne
356 1771 416 1819 mihi
427 1784 495 1819 more
511 1770 599 1817 misero
609 1769 646 1817 bit
655 1765 768 1833 patiencia
778 1766 851 1817 foret.

268 1846 301 1897 At
310 1864 392 1909 nunc,
414 1863 441 1897 ut
456 1862 566 1912 peream,
586 1848 702 1912 quonlam
712 1858 777 1895 caret
786 1843 830 1893 illa
840 1844 951 1909 periclo,

301 1923 411 1974 Dimidia
426 1923 488 1975 cette
506 1938 571 1990 parte
585 1925 697 1989 superstes
707 1940 757 1973 eto.

132 2000 135 2006 '
220 2025 248 2069 45
268 2001 314 2050 liei
332 2003 405 2051 mihil
422 2001 497 2067 qulm
509 2002 581 2051 celeri
597 2005 733 2051 micuerunt
741 2000 823 2051 nubila
833 1998 946 2049 flammi!

209 2082 216 2104 ²
301 2079 409 2141 Quantus
426 2081 456 2130 ab
467 2082 566 2129 aetherio
576 2082 688 2145 personat
700 2096 743 2131 axe
753 2079 850 2143 fragor!

267 2157 319 2207 Nec
334 2157 409 2208 levitls
421 2157 523 2207 laterum
534 2158 622 2208 tabule
633 2155 750 2209 feriuntur
760 2160 790 2207 ab
805 2155 891 2216 undis,

299 2236 380 2296 Quint
400 2252 470 2301 gaave
489 2236 576 2285 baliste
589 2240 680 2287 metuit
692 2238 851 2302 pulsatonue.

266 2313 314 2375 Qui
333 2318 400 2365 venit
415 2313 566 2373 hiellusiua,
583 2314 945 2381 fluliuesupertminetnmnest

216 2400 249 2452 50
300 2395 416 2443 Posterior
426 2410 492 2443 nono
503 2394 535 2442 est
543 2428 550 2453 ,
559 2393 738 2462 undecimoque
747 2398 823 2459 prior.

265 2472 316 2521 Nee
332 2472 405 2521 letum
423 2476 512 2521 time0=
523 2488 597 2537 genua
608 2474 641 2523 est
650 2473 784 2524 miserabile
795 2472 846 2521 leti.

298 2550 395 2603 Demite
410 2550 578 2617 naufragium,
592 2569 659 2603 mett
670 2555 731 2601 mlhi
745 2567 833 2603 munus
842 2552 897 2601 erit.

263 2630 303 2680 Eli
312 2630 420 2699 aliquid,
436 2630 516 2681 fatove
526 2633 568 2680 suo
580 2630 674 2682 ferrove
688 2630 816 2681 cadentem
828 2656 833 2661 ¹

296 2711 324 2760 ln
344 2709 422 2761 solidi
432 2713 537 2760 motient
544 2726 634 2775 ponere
641 2728 726 2776 corpus
733 2714 809 2760 humo
820 2726 829 2768 ς

215 2782 243 2832 55
263 2789 294 2839 Et
314 2788 428 2839 mandate
442 2791 488 2839 suis
504 2789 616 2854 aliquid,
628 2792 720 2855 sperate
735 2789 891 2854 sepulctum,

295 2868 326 2918 Et
342 2884 391 2917 non
405 2870 519 2934 aequoreis
534 2868 637 2933 piscibus
653 2866 701 2918 esse
713 2869 805 2918 cibum.

262 2947 355 3013 Fingite
366 2964 405 2996 me
415 2944 516 3011 dignum
527 2946 570 2996 tali
581 2963 656 3007 nece3
667 2963 718 2997 non
733 2962 780 3012 ego
796 2945 886 2996 solus.

295 3025 342 3074 llic
355 3027 439 3077 vehor.
456 3026 593 3074 immeritos
603 3040 645 3075 cut
656 3042 710 3076 mea
724 3042 797 3091 petua
811 3027 903 3075 trahit?

262 3102 326 3151 Ptol
345 3106 449 3167 Superi,
467 3101 602 3171 viridesque
611 3103 677 3166 Dei,
693 3106 780 3172 quihus
791 3119 887 3171 aquota
897 3102 974 3151 cutte!
1073 3085 1074 3124 ¹

868 3181 980 3247 Unaque
