2334 3917
271 366 339 427 190
392 340 436 408 P.
468 341 623 407 Ournrz
649 341 845 408 Naroma

266 464 324 524 Quo
333 461 414 515 videar
424 464 533 527 quamvis
544 459 647 511 nimitim
655 461 791 527 juveniliter
802 463 873 522 usus,

298 538 393 591 Grande
405 555 485 589 tamen
493 554 547 589 toto
557 555 648 589 nomen
659 541 689 589 ab
699 540 757 588 orbc
768 539 831 588 fero.

265 619 392 683 Turbaque
409 615 536 670 doiiorum
546 616 669 667 Nasonem
679 619 760 671 novit,
774 620 799 667 bt
810 615 883 667 audet

217 715 227 746 r
236 716 263 747 to
296 694 353 744 Non
362 692 472 745 fastiditis
481 710 637 745 annumerare
647 695 717 745 virias¹

263 772 362 823 Corruit
373 776 423 823 baec
432 775 505 837 igitur
517 774 593 823 Musis
604 787 720 837 accepta,
740 773 783 821 sub
793 790 859 834 uno,

295 849 341 900 Sed
348 868 397 900 non
408 854 511 914 exiguo,
523 853 622 898 crimine
634 849 698 913 lapsa
708 848 804 900 domus.

261 928 340 993 Atque
350 944 377 977 ea
391 932 424 977 sic
438 928 502 993 lapsa
513 928 558 985 est,
575 942 601 977 ut
612 929 723 991 surgere,
736 931 755 976 si
774 926 850 979 modb
866 929 915 979 laesl

292 1004 453 1052 Emaruruerit
466 1000 565 1053 casaris
578 1004 627 1055 ira,
637 1018 717 1067 queat.
748 1061 751 1065 Α
846 1048 850 1054 ,
874 1058 878 1065 ,

213 1080 335 1148 125Cujus
350 1084 375 1129 in
389 1094 474 1129 eventu
486 1095 562 1143 poenae
574 1078 702 1128 clementia
712 1066 778 1129 tanta
789 1080 842 1141 est,

291 1157 326 1205 Ut
334 1156 405 1205 fuerit
416 1156 495 1205 nostro
507 1157 583 1205 lenior
594 1155 636 1205 illa
646 1172 722 1207 metu.

258 1235 316 1298 Vita
325 1232 380 1283 data
392 1234 443 1293 est,
457 1237 563 1299 citraque
574 1250 658 1281 necem
670 1249 710 1282 tua
718 1235 824 1285 constitit
832 1238 867 1285 ira
879 1271 889 1298 ,

289 1313 326 1361 Ol
340 1314 448 1378 Princeps
458 1312 525 1377 parci
537 1313 626 1363 vitibus
637 1315 676 1361 use
688 1317 734 1362 tuis
745 1314 752 1363 i

256 1389 352 1455 Insuper
362 1388 493 1450 accedunt,
506 1405 527 1439 te
538 1408 587 1439 non
604 1388 742 1449 adimente,
757 1408 860 1456 paternae

209 1490 218 1521 r
224 1490 254 1538 30
287 1467 421 1533 Tamquam
432 1472 481 1518 vita
489 1485 571 1533 parum
582 1470 686 1517 muneris
697 1466 768 1527 effer,
781 1486 847 1533 opes.

254 1544 305 1595 Nec
318 1563 370 1595 mea
380 1544 477 1596 decreto
487 1545 602 1597 damnasti
614 1547 675 1595 fasta
688 1546 802 1599 Senattisr

286 1622 337 1673 Nec
348 1642 400 1673 mea
411 1624 500 1681 seleiio*
505 1622 585 1690 judice
600 1623 660 1689 julla
671 1624 726 1689 suga
737 1624 777 1673 est.

163 1698 166 1706 ’
252 1702 367 1753 Tristibus
378 1706 482 1753 inveslus
492 1703 582 1761 verbis,
594 1705 629 1752 ita
641 1703 750 1766 Principe
760 1700 861 1766 dignum
873 1736 882 1761 ‚

285 1780 357 1830 Ultus
376 1798 399 1830 es
412 1779 531 1840 offensas,
544 1796 571 1829 ut
580 1779 665 1839 decet,
681 1782 731 1844 ipse
741 1796 801 1829 tuas.

204 1855 335 1921 135Adde‚
347 1857 413 1925 quod
423 1858 544 1919 edisiurn,
559 1862 669 1929 quamvis
677 1861 782 1907 immane
793 1861 921 1925 minaxque
933 1895 945 1922 ,

280 1938 393 1986 Attamen
403 1940 429 1985 in
439 1952 515 2001 poenae
524 1939 626 1985 nomine
637 1936 690 1984 lene
702 1935 758 1985 fuit.

249 2012 344 2077 Quippe
359 2014 487 2079 relegatus,
504 2030 555 2061 non
566 2012 648 2072 exsul,
659 2011 727 2073 dicor
738 2016 762 2061 in
774 2013 819 2063 illo
833 2032 839 2061 t

280 2091 399 2157 Parcaque
411 2092 513 2141 fortunae
525 2093 577 2139 sunt
588 2088 644 2139 data
659 2091 730 2140 verba
743 2107 812 2141 meae.

246 2168 322 2219 Nulla
334 2168 433 2235 quidem
443 2172 499 2219 sano
508 2172 622 2233 gravior,
636 2174 770 2235 mentisque
782 2174 891 2235 potenti,

200 2268 244 2311 ¹40
277 2248 351 2297 Poena
361 2249 407 2305 est,
421 2246 495 2314 quim
506 2263 573 2297 tanto
581 2245 726 2312 displicuisse
733 2251 795 2297 viro.

241 2324 291 2385 ,Sed
301 2325 361 2375 solet
371 2324 492 2375 interdum
501 2324 550 2375 fieri
561 2325 678 2389 placabile
689 2341 778 2374 numen
788 2344 795 2374 t

276 2404 347 2453 Nube
356 2404 416 2452 solet
426 2403 494 2468 pulsi
505 2400 620 2451 candidus
630 2406 664 2450 ire
675 2399 734 2452 dies.
877 2453 880 2457 ,

242 2478 300 2530 Vidi
315 2498 360 2545 ego
370 2484 501 2547 pampineis
512 2497 635 2530 oneratam
646 2482 734 2530 vitibus
745 2480 837 2531 ulmum
847 2514 855 2536 ,
902 2530 906 2537 ,

275 2559 333 2618 Quae
344 2559 421 2610 fuerat
431 2562 492 2609 saevo
502 2558 604 2609 fulmine
615 2561 675 2609 testa
687 2560 761 2609 lovis.

196 2635 293 2701 145lpse
302 2636 358 2685 licet
369 2638 460 2701 sperare
470 2651 533 2687 vetes
543 2669 551 2694 ,
563 2637 706 2699 sperabimus
716 2656 723 2684 a
736 2653 808 2702 atque

274 2714 327 2763 Hoc
345 2730 419 2761 unum
432 2712 497 2773 lieri,
513 2727 536 2762 te
548 2715 705 2777 prohibente,
720 2716 805 2778 potest.

241 2793 297 2856 Spes
311 2795 371 2841 mihi
381 2808 466 2857 magna
477 2792 556 2850 subit,
569 2791 624 2839 crim
637 2807 677 2850 te,
690 2794 815 2841 mitissime
824 2793 937 2861 Princeps
947 2815 958 2858 3

272 2870 328 2933 Spes
339 2872 415 2923 mibi,
434 2871 533 2934 respicio
546 2868 602 2917 etim
614 2885 668 2917 mea
682 2867 748 2928 fata,
763 2868 838 2919 cadit.

240 2946 274 2993 Ac
287 2946 363 2996 veluti
379 2948 454 2997 ventis
465 2947 608 3011 agitantibus
614 2962 711 3011 aequora
722 2964 772 2997 non
783 2948 816 2997 est

194 3050 203 3082 1
209 3054 239 3103 50
273 3022 380 3087 AEqualir
391 3025 482 3086 rabies,
496 3027 669 3090 continuusque
680 3023 765 3086 suror3
