2334 3917
266 394 332 459 186
394 390 436 461 P.
465 393 620 459 Orrorr
641 347 835 462 Nisoms

214 514 243 561 ³0
293 512 350 561 Haee
364 512 459 561 titulum
476 512 560 562 nostrae
570 518 655 563 mortis
665 517 751 564 habere
763 517 831 565 velit.

259 590 360 641 Barbara
371 607 424 654 pars
438 590 498 641 lava
506 590 554 650 est,
567 590 642 645 avide
653 595 770 643 succineia
777 597 868 658 rapine
879 626 889 654 ,

292 666 370 726 Quam
387 684 477 729 cruor,
496 672 520 718 ὃ(
535 667 628 729 caedes,
647 671 756 737 bellaque
770 674 861 737 semper
873 673 974 722 habent.

259 742 371 810 Cumque
382 748 412 795 sit
421 748 525 797 hibernie
532 750 650 811 agitatum
659 746 768 797 fluoribus
777 765 879 815 equor,

293 824 389 873 Pectora
404 825 457 873 sunt
471 827 521 889 ipso
536 824 668 874 turbidiora
678 829 747 875 mari.

213 905 239 949 35
260 899 316 959 Quo
331 904 406 965 magis
417 903 454 949 his
468 900 537 950 deber
545 904 688 965 ignoscere,
703 900 805 951 candide
824 902 916 965 lestor,

294 982 317 1028 si
334 981 373 1044 spe
389 982 457 1038 sune,
472 994 499 1029 ut
510 983 578 1040 sunt,
592 979 707 1029 inferiora
721 980 771 1029 tui.

260 1057 319 1108 Non
329 1060 378 1107 hnc
390 1061 415 1106 in
425 1058 523 1117 nostris,
539 1073 566 1106 ur
582 1056 724 1124 quondam,
743 1059 867 1107 scribimus
878 1059 974 1119 botrin

293 1138 362 1195 Nec,
380 1138 508 1194 consuete,
520 1151 617 1194 meum,
629 1135 727 1190 recture,
739 1152 826 1200 corpus
836 1136 916 1185 babes.

260 1215 337 1263 labier
346 1218 371 1263 in
383 1212 520 1273 indomito,
537 1213 639 1265 brumali
650 1214 720 1271 luce,
736 1210 877 1277 profundo:

210 1313 244 1357 40
292 1292 390 1359 Ipsaque
398 1293 503 1341 ceruleis
510 1294 591 1341 charta
602 1291 685 1341 feritur
695 1294 771 1356 aquis.

261 1370 373 1435 Improba
384 1384 473 1435 pugnat
483 1372 558 1418 bieme
569 1404 577 1424 ,
590 1367 790 1434 indignaturque,
805 1366 872 1433 quod
882 1370 962 1417 ausim

294 1449 398 1497 Scribere
411 1482 418 1507 ,
436 1449 459 1497 se
473 1446 558 1513 rigidae
570 1450 702 1496 incutiente
713 1449 799 1495 minat.

261 1527 349 1575 Vincat
360 1528 435 1575 hiems
447 1529 570 1575 hominem
580 1544 587 1573 ·.
596 1523 637 1573 sed
647 1522 733 1573 eodem
740 1538 849 1587 tempore
855 1557 863 1583 ,
875 1522 975 1589 quaeso,

294 1604 344 1669 Ipse
356 1602 457 1661 modum
468 1604 568 1653 statuam
580 1604 706 1661 carminis,
718 1599 761 1649 illa
770 1602 816 1649 sui.

262 1741 977 1839 mfflfibmwa·

440 1897 515 1963 LI
535 1896 625 1964 BE
647 1896 681 1963 R
728 1895 801 1962 II.

231 2124 233 2127 .
265 1997 386 2200 Qum
398 2074 458 2121 mihi
467 2073 592 2121 vobiscum
603 2071 652 2129 esi,
668 2068 752 2118 infelix
762 2084 835 2128 cura,
847 2066 944 2122 libelli,

308 2154 396 2215 ngenio
407 2152 464 2214 perii
475 2152 515 2215 qui
525 2152 597 2198 miser
608 2151 657 2213 ipse
667 2151 737 2197 meo?

265 2229 316 2281 Cur
327 2228 403 2279 modb
414 2228 536 2277 damnatas
547 2242 645 2293 repeto,
657 2242 709 2276 mee
720 2227 835 2280 trimma,
848 2222 949 2271 Musas!

300 2308 336 2357 An
348 2307 419 2356 semel
433 2307 465 2355 est
478 2322 573 2371 pernam
587 2302 753 2355 commeruisse
764 2299 859 2368 parum?

235 2388 245 2435 5
266 2386 380 2437 Carmina
392 2386 511 2443 fecerunt,
528 2400 554 2433 ut
566 2402 605 2432 me
618 2384 761 2447 cognoscere
773 2379 880 2436 vellent,

298 2466 385 2514 Omine
396 2451 446 2514 non
457 2464 532 2512 Fausto
543 2495 552 2522 ‚
566 2462 656 2511 femina
665 2463 749 2525 virque
760 2494 768 2517 ‚
784 2473 846 2506 mea.

265 2545 821 2603 Carminasecerunt,trememoreequenotaree

297 2626 349 2675 Jam
359 2622 457 2673 demum
466 2620 516 2670 visai
524 2618 603 2669 Caesar
614 2618 643 2666 ab
655 2619 710 2665 Arte
721 2632 796 2665 meos.

265 2702 343 2752 Deme
354 2704 414 2751 mihi
420 2697 522 2749 studium
531 2732 539 2757 ,
547 2698 604 2747 vite
614 2711 711 2761 quoque
720 2683 821 2743 ermina
830 2691 910 2743 demes
922 2710 929 2740 e

221 2796 249 2829 ro
299 2783 429 2845 Acceptum
440 2776 518 2826 refero
528 2773 649 2828 versibus,
658 2770 704 2822 effe
715 2788 812 2820 nocens.

267 2860 321 2908 Hoc
330 2861 431 2923 pretium
441 2870 502 2904 curae
513 2852 716 2917 vigilatorumque
728 2849 838 2898 laborum

298 2935 427 3001 Cepimus:
440 2934 538 2997 ingenio
545 2946 616 2997 prena
624 2943 715 2993 reperta
725 2944 789 2975 meo.

267 3017 290 3067 si
302 3017 418 3078 saperem,
428 3012 506 3061 dossas
518 3008 618 3059 odissem
629 3012 679 3071 iure
688 3008 795 3066 sorores,

300 3090 406 3148 Numina
420 3088 507 3139 cultori
520 3086 651 3154 perniciosa
661 3084 714 3133 suo.
