2334 3917
266 366 566 433 FAsrororr
594 356 691 425 Lrn.
716 355 786 423 111.
839 358 879 421 81

173 482 237 535 Talia
255 482 362 537 dicenti.
374 496 449 549 neque
460 484 524 530 enim
536 482 588 545 spes
598 478 672 529 altera
682 477 768 537 restat,
887 481 932 533 625

202 561 330 622 Crediditt
343 578 432 611 errores
443 561 599 625 exposuitque
610 560 673 607 suos.

172 638 251 707 thue
269 638 370 689 domurn
383 642 499 697 intravit,
511 638 598 700 Tyrios
609 634 693 685 induta
703 646 812 699 paratus,

202 719 289 783 Incipit
300 718 385 766 AEneas
399 752 406 776 ,
423 715 520 783 (cetera
532 716 602 763 turba
613 713 696 781 silet.)

172 794 237 844 Hanc
255 796 300 843 tibi
311 811 353 844 cur
363 787 456 843 tradam
468 829 476 852 ‚
487 796 525 858 pia
536 792 605 842 'causa
617 827 626 851 ,
636 791 736 842 Lavinia
748 795 849 858 conjux,

203 874 242 922 Est
254 876 316 922 mihi
327 892 334 923 t
346 875 466 923 consumti
477 870 605 936 naufragus
613 873 683 936 huius
693 886 759 935 opes.
885 876 933 926 ‘30

173 950 229 1001 Orta
241 953 322 1013 Tyro,
334 967 434 1015 regnum
446 949 536 1011 Libyci
547 946 652 1013 possedit
662 951 687 996 in
695 964 736 997 ora
743 964 754 1007 5

202 1030 280 1090 Quam
291 1046 376 1094 precor
388 1044 415 1078 ut
425 1044 484 1077 carae
495 1044 561 1076 more
569 1029 656 1077 sororis
666 1042 739 1075 ames.

172 1108 258 1158 Omnia
267 1111 407 1173 promittit,
419 1107 553 1172 falsumque
563 1107 660 1155 Lavinia
669 1104 757 1155 vulnus

202 1187 285 1235 Mente
299 1190 386 1250 premit
394 1185 467 1235 taciti
479 1218 486 1244 ,
498 1182 679 1250 dissimulatque
687 1182 801 1232 fremens.

171 1263 289 1330 Donaque
300 1264 356 1313 cdm
365 1262 537 1328 videarpraerer
549 1264 589 1311 sua
600 1262 690 1310 lumina
702 1261 759 1310 ferri
794 1256 801 1261 ’
885 1258 930 1312 ⁶35
999 1295 1002 1301 -

202 1343 282 1391 Multa
300 1343 394 1407 palam,
406 1345 471 1391 mitti
482 1341 544 1389 clam
557 1356 653 1407 quoque
664 1339 741 1387 multa
753 1352 831 1402 putat.

171 1417 225 1468 Non
236 1435 316 1469 tamen
327 1422 449 1478 eradium,
462 1416 522 1485 quid
531 1434 595 1484 agat.
607 1420 624 1465 F
626 1418 732 1467 utialiter
740 1414 795 1465 odit
806 1451 815 1470 ,

202 1498 233 1546 Et
243 1513 310 1562 parat
320 1496 433 1556 insidias,
446 1500 470 1545 dt
482 1501 548 1561 cupit
557 1496 606 1555 ulta
614 1499 686 1545 mori.

170 1573 225 1625 Nox
242 1590 293 1624 crat
304 1593 310 1623 t
323 1590 377 1624 ante
389 1588 469 1625 totum
477 1576 526 1623 visa
534 1574 565 1623 est
574 1574 662 1623 adlirre
673 1575 778 1632 sororis,

201 1650 341 1717 squalenti,
360 1648 425 1698 Dido
439 1685 446 1709 ,
463 1650 644 1713 sanguinolenta
654 1649 734 1698 comi.
883 1647 934 1699 ⁶40

169 1728 199 1777 Et
212 1761 220 1786 ‚
238 1729 320 1791 Fuge,
331 1744 360 1775 ne
371 1726 462 1785 dubita,
478 1728 583 1776 maestum
596 1728 668 1791 fuge,
679 1725 773 1785 dicere,
783 1726 880 1773 tccium.

200 1807 248 1855 Sub
258 1806 358 1855 verbum
370 1806 479 1871 querulas
488 1806 587 1869 impulit
597 1821 652 1853 aura
662 1804 734 1853 fores.

167 1882 269 1942 Exsili13
281 1888 306 1933 δι
317 1884 388 1933 velox
399 1884 484 1934 humili
496 1887 563 1950 super
575 1901 630 1933 arva
640 1882 740 1932 ftneliri

200 1964 230 2011 Se
241 1965 314 2026 jacit:
326 1962 439 2013 audacem
451 1963 540 2013 fecerat
550 1966 598 2029 ipse
611 1966 694 2013 timor.
743 1980 745 1982 ’

169 2038 274 2105 Quique
293 2055 359 2089 metu
375 2046 482 2106 rapitur,
503 2042 584 2091 ttrnici
593 2042 672 2091 velata
682 2040 800 2102 retincti,
883 2039 929 2091 ⁶45
1010 2042 1014 2057 '

201 2116 287 2167 Currit
298 2149 312 2177 ,·
322 2134 349 2167 ut
363 2117 449 2169 auditis
461 2125 540 2169 territa
551 2120 621 2169 dama
632 2120 701 2185 lupis.

167 2191 289 2259 Corniger
300 2196 359 2245 hanc
370 2197 461 2263 cupidis
472 2196 571 2263 rapuisse
584 2199 709 2248 Numicius
717 2197 789 2249 undis

199 2271 330 2333 Creditur,
346 2278 370 2323 &
387 2277 471 2340 stagnis
482 2276 611 2326 occuluiffe
622 2280 677 2325 suis.

165 2347 262 2399 Sidonis
270 2354 360 2401 interea
371 2370 460 2419 magno
470 2356 575 2405 clamore
587 2372 628 2421 per
637 2372 707 2421 agros

199 2429 336 2489 Quaeritur:
348 2448 461 2497 apparent
472 2436 537 2499 signa
549 2448 659 2500 notaeque
667 2432 767 2499 pedum.
884 2428 933 2480 ‘5⁰

165 2504 274 2556 Ventum
289 2523 339 2559 erat
349 2508 380 2559 ad
392 2516 451 2575 ripas
463 2515 571 2561 :inerant
581 2512 678 2578 vestigia
689 2515 754 2577 ripis.
772 2526 776 2532 ’

196 2584 315 2635 Sustinuit
326 2590 407 2636 tacitas
417 2591 524 2637 conscius
535 2593 613 2638 amnis
622 2606 703 2654 aquas.

165 2660 218 2726 Ipsa
227 2664 306 2730 'loqui
317 2666 366 2715 visa
378 2666 410 2714 est
422 2700 429 2724 ,
446 2666 537 2717 Placidi
546 2669 598 2717 fur‘n
609 2668 724 2732 Nympha
734 2666 851 2727 Numici;
906 2673 908 2677 ’

195 2742 275 2790 Amne
287 2758 388 2806 perenne
400 2742 473 2793 latens
487 2745 553 2795 Anna
565 2746 670 2795 Perenna
679 2762 763 2797 vocor.

165 2816 280 2869 Protinus
298 2824 379 2870 erratis
395 2822 443 2871 laeti
454 2825 580 2873 vescuntur
592 2828 618 2872 in
629 2828 709 2889 agrisr
884 2834 928 2885 iri

195 2897 228 2947 Et
240 2898 364 2947 celebrant
375 2898 441 2964 largo
452 2902 522 2967 seque
536 2900 649 2967 diemque
661 2919 737 2951 mero.

163 2974 472 3041 SUNTquibushaecLuna
480 2979 522 3037 est,
529 2982 585 3045 quia
593 2984 712 3029 mensibus
719 2981 931 3047 impleatannums

195 3052 254 3103 Pars
267 3055 374 3105 Themin
381 3089 392 3111 ,
403 3056 527 3110 Inachiam
537 3072 671 3123 purpurat
681 3056 727 3109 effe
738 3062 836 3113 bovem.

732 3138 757 3188 D
774 3156 789 3187 v
