2334 3917
308 390 374 474 362
449 384 492 453 P.
519 384 678 452 Orrnrt
699 381 897 453 NAsonrr

336 494 427 543 Obruta
438 490 468 542 de
480 491 565 542 mediis
583 494 672 557 cymba
687 494 794 558 resurget
804 494 881 559 aquus.

302 572 371 621 Tunc
382 587 427 637 ego
439 585 491 620 tura
502 570 578 621 feram
588 570 677 637 rapidis
687 570 815 621 sollemnia
823 568 945 628 flammisa

253 670 284 721 ,o
332 648 378 713 Et,
389 650 486 701 valeant
496 664 615 719 quantum
626 653 742 705 numina.
755 650 818 700 tellis
827 665 879 698 ero.

297 728 348 779 Nec
360 728 405 778 tibi
415 726 445 779 de
455 728 525 779 Pario
536 728 652 789 statuam,
664 729 807 778 Germanice
815 761 824 787 ,
832 722 955 792 templum

330 806 454 858 Marmore
465 826 471 856 r
482 811 570 875 carpsit
580 824 637 873 opes
647 806 691 857 illa
700 810 769 855 ruina
780 822 854 855 mear.

296 882 400 953 Templa
412 883 497 933 domus
507 884 577 934 vobis
587 882 678 934 saciant
688 882 803 947 urbesque
814 882 891 930 beata
903 896 912 930 a

328 962 393 1013 Naso
404 962 450 1011 suis
463 962 562 1027 opibus,
575 963 694 1015 carmine,
705 974 785 1025 gratus
795 961 850 1008 erit.

249 1040 370 1114 „Parva
380 1037 478 1105 quidem
489 1038 566 1089 fateor
575 1054 619 1103 pro
630 1041 723 1103 magnis
733 1053 834 1087 munera
843 1033 929 1096 reddi,

326 1116 392 1169 cum
403 1135 446 1183 pro
456 1116 567 1167 concessi
576 1118 648 1169 verba
658 1117 733 1167 salure
742 1114 837 1166 damus.

293 1194 404 1261 Sedqui,
411 1195 587 1263 qudmpotuit,
596 1193 749 1245 datmarima
755 1210 852 1260 ,gratur
860 1191 1013 1253 abnndeellc

325 1275 356 1324 Et
366 1273 441 1324 finem
452 1277 526 1341 pietas
539 1278 642 1340 contigit
651 1272 694 1325 illa
705 1274 783 1323 suum.

292 1352 360 1412 Nec,
371 1368 425 1418 quae
437 1350 467 1402 de
478 1368 550 1418 parva
559 1351 606 1401 Dis
616 1369 706 1418 pauper
715 1351 775 1401 libat
783 1351 879 1407 merri,

242 1458 275 1501 40
323 1430 388 1479 Tura
395 1431 474 1479 minus
482 1466 489 1490 ‚
498 1428 583 1496 grandi
594 1429 670 1497 quim
680 1429 736 1481 data
746 1430 816 1481 lance
825 1466 835 1492 ,
843 1430 935 1481 valent.

289 1507 420 1573 dgnaque,
432 1522 483 1557 tam
495 1508 581 1557 leuem
592 1507 667 1575 quim
677 1511 786 1575 gramine
796 1508 860 1574 pasta
867 1508 979 1572 Falisco,

322 1586 426 1636 Victima
436 1586 552 1653 Tarpeios
563 1584 642 1637 inlicit
651 1589 696 1636 ieta
708 1586 783 1636 focos.

289 1662 341 1715 Nec
357 1678 453 1721 tamen,
463 1663 545 1733 officio
557 1680 641 1716 vatum
655 1682 696 1731 per
708 1667 815 1715 carmina
829 1666 910 1728 sablo,
1003 1722 1008 1730 1

321 1742 470 1809 Principibus
481 1760 517 1793 res
528 1744 561 1793 est
575 1747 665 1809 gratior
676 1743 725 1793 ulla
734 1747 800 1793 viris.

238 1842 267 1892 45
288 1820 404 1873 Carmina
415 1822 545 1873 vestrarum
556 1836 674 1889 peragunt
686 1824 805 1887 preconia
816 1820 932 1884 laudum3

319 1899 387 1951 Neve
397 1902 428 1951 ait
438 1902 545 1950 allorum
560 1899 625 1952 fama
636 1898 744 1961 caduca,
756 1915 849 1951 cavent.

286 1976 401 2029 Carmine
407 1972 439 2027 'lit
447 1980 517 2029 vivax
527 1980 620 2039 virtusa
632 1994 760 2045 expersque
770 1978 889 2045 sepulcri,

317 2055 439 2105 Notitiam
455 2058 510 2106 sera
527 2058 670 2123 posteritatis
685 2058 767 2107 habet.

284 2130 378 2182 Tabida
388 2134 509 2183 consumit
519 2134 609 2193 ferrum
621 2133 774 2202 lapidemque
783 2135 899 2191 vetustas.

237 2237 267 2286 50
317 2210 439 2279 Nullaque
451 2229 486 2261 res
500 2216 576 2278 majus
587 2224 698 2278 tempore
709 2214 783 2264 robur
795 2214 876 2264 babet.

284 2292 375 2357 Scripta
386 2290 465 2340 serunt
476 2308 551 2340 annos
564 2310 570 2339 ι
582 2292 675 2357 scriptis
686 2292 867 2359 Agamemnona
874 2292 956 2357 nolus

310 2369 342 2419 Et
352 2371 459 2437 quisquis
471 2385 571 2430 contra,
582 2369 621 2420 vel
633 2370 722 2428 simul,
734 2386 800 2420 arma
811 2370 876 2420 tulit.

283 2446 343 2511 Quis
353 2448 448 2498 Thebas
459 2450 597 2514 septemque
608 2448 687 2497 Duces
696 2450 747 2496 sine
758 2450 863 2497 carmine
872 2446 971 2504 nosset?

315 2524 347 2574 Et
357 2522 473 2591 quicquid
482 2524 535 2589 post
545 2528 612 2585 hac,
626 2523 742 2591 quicquid
754 2528 779 2575 bt
789 2541 843 2575 anre
854 2526 919 2576 fuiti
994 2592 999 2595 Ι

234 2629 261 2679 55
282 2602 317 2653 Di
327 2618 424 2670 quoque
432 2603 596 2663 carminibus,
609 2605 628 2651 sl
640 2602 675 2651 fas
685 2603 718 2652 est
727 2601 827 2663 dicere.
838 2602 919 2654 fiuutr

314 2682 440 2747 Tantaque
451 2680 557 2746 majestas
568 2697 610 2729 ore
621 2684 726 2734 canentis
737 2697 800 2748 eget.

282 2760 321 2809 Sic
332 2757 431 2818 Chaos,
444 2774 472 2807 ex
483 2758 525 2808 illa
536 2774 626 2809 natura
633 2759 700 2808 mole
710 2764 795 2826 prioris
848 2744 856 2763 ⁰

313 2835 439 2901 Digeslum
449 2846 525 2901 partes
537 2837 624 2887 scimus
635 2838 721 2907 babere
732 2842 799 2887 suas.
793 2856 800 2871 ·

279 2915 333 2968 Sic,
344 2910 479 2963 affeilantes
489 2914 593 2964 coeleslra
603 2931 690 2979 regna
702 2916 816 2981 Gigantas

310 2989 349 3041 Ad
360 2993 433 3057 Styga
443 2992 572 3042 nimbifero
585 2991 704 3043 vindicis
698 3010 751 3058 igne
762 2992 840 3045 datos.

225 3045 316 3121 '⁰Sic
330 3072 406 3122 vietor
421 3068 518 3122 laudem
535 3073 649 3137 superatis
662 3071 734 3122 Liber
750 3074 780 3123 ab
796 3071 878 3129 Indis,
