2334 3917
264 357 567 432 FA'rrounrr
593 359 698 427 Lrn.
726 351 783 427 ΓΙ.
837 382 880 449 57

194 478 218 535 C
222 483 314 535 lamato
323 501 332 543 i
343 484 412 533 Meus
427 482 459 531 est
469 483 509 531 hie
519 495 592 545 ager,
606 479 649 529 ille
659 495 722 529 tuus.
741 492 744 499 ·

160 554 201 609 Est
218 564 279 620 via,
289 572 343 626 quar
353 559 471 625 populum
483 558 612 609 Laurentes
620 555 687 608 ducit
696 563 722 607 in
732 574 802 624 agros
814 594 823 619 ‚

194 638 329 700 Quondam
346 636 470 689 Dardanio
481 653 553 701 regna
560 639 637 702 petita
645 634 711 685 duci.
882 627 932 676 630

159 714 222 767 lllae
234 717 335 782 lanigeri
345 718 437 781 pecoris
451 717 512 774 ribi,
526 716 640 763 Termine
647 713 713 763 fibris

194 796 267 845 Sacra
280 792 346 845 videt
357 793 493 845 fierisextus
503 794 533 842 ab
544 792 609 841 Urbe
621 792 690 857 lapis.

162 872 283 922 Gentibus
293 874 328 921 est
336 872 388 923 aliis
401 872 472 923 tellus
483 870 538 921 data
548 872 626 921 limite
636 886 722 930 certor

196 950 312 1001 Romana
322 954 426 1015 spatium
438 951 470 999 est
483 950 589 999 Urbis&
600 951 665 999 orbis
677 948 753 999 idem.

163 1026 275 1079 NUNC
288 1026 389 1078 dicenda
399 1030 461 1077 inihi
472 1030 542 1092 Regis
554 1028 623 1093 fuga:
631 1030 702 1077 traxit
709 1029 739 1078 ab
748 1026 792 1077 illa
881 1032 927 1094 ⁶85

197 1109 281 1155 Sextus
294 1108 322 1156 ab
333 1122 440 1156 extremo
451 1110 551 1156 nomina
559 1109 639 1157 mense
650 1106 711 1157 dies.

163 1183 260 1235 Ultima
276 1186 420 1251 Tarquinius
432 1187 547 1237 Romanae
562 1190 639 1250 gentis
649 1186 753 1235 habebat

195 1264 281 1327 Regna
288 1282 294 1312 r
301 1266 336 1313 vir
345 1264 458 1329 injustus,
470 1264 540 1315 fortis
550 1263 580 1313 ad
585 1282 652 1315 arma
660 1279 751 1315 tamen.

163 1340 271 1407 Ceperat
277 1343 318 1391 hic
329 1342 399 1402 alias,
414 1343 471 1392 alias
484 1358 599 1393 everterat
610 1344 679 1393 urbes
690 1362 699 1403 3

195 1420 229 1469 Er
246 1420 338 1469 Gabios
353 1424 418 1486 turpi
434 1419 522 1471 fecerat
533 1436 582 1471 arte
598 1424 661 1472 suos.
880 1421 930 1471 69⁹

163 1498 278 1565 Namque
297 1502 370 1548 trium
383 1503 513 1561 minimus,
525 1501 603 1565 proles
614 1500 738 1551 manifesta
747 1501 862 1565 Superbi,
960 1493 967 1566 Ἰ

196 1576 226 1625 In
244 1574 337 1627 medios
352 1578 443 1638 hostes,
461 1581 530 1629 nolle
545 1579 650 1639 silente,
665 1581 741 1629 venir.

162 1651 291 1703 Nudarant
301 1653 394 1719 gladios
406 1674 412 1703 r
425 1655 555 1717 Occidire,
571 1656 646 1718 dixit,
657 1659 785 1707 inermem.

196 1732 251 1781 Hoc
268 1736 366 1797 cupiant
381 1734 479 1797 fratres,
495 1736 687 1801 Tarquiniusque
698 1751 786 1801 pater,

164 1810 214 1877 Qui
232 1828 286 1859 mea
299 1809 391 1861 crudeli
406 1813 520 1862 laceravit
532 1814 630 1863 verbere
646 1830 722 1878 terga.
887 1814 933 1867 ⁶95

195 1888 283 1939 Dicere
297 1905 324 1938 ur
341 1892 388 1939 hoc
400 1888 493 1955 podet,
512 1892 609 1943 verbera
618 1889 697 1957 pallus
707 1906 766 1941 erar.
973 1894 976 1899 ’

162 1966 232 2016 luna
244 1966 309 2017 fuiti
320 1969 424 2033 spellant
433 1973 545 2035 juvenem
554 1988 570 2029 ‚'
578 1966 718 2036 gladiosque
730 1970 879 2023 recondunt:
933 2023 936 2033 ,
1011 2013 1017 2020 ,

196 2046 344 2111 Tergaque,
363 2044 464 2097 deducti
478 2049 561 2107 veste,
578 2063 661 2097 notata
683 2047 775 2100 vident.

164 2122 236 2173 nent
245 2141 359 2190 quoque,
369 2129 409 2186 &,
422 2142 449 2174 ur
459 2127 539 2175 secum
550 2140 643 2175 tueatur
653 2126 732 2189 bella,
744 2146 879 2194 precantur.

195 2200 310 2253 Callidus
321 2206 413 2268 ignaris
431 2207 515 2253 annuit
531 2204 573 2253 ille
588 2206 655 2255 uiris.
881 2220 934 2264 700

162 2282 265 2347 Jamque
276 2296 380 2347 potens,
395 2280 466 2331 miil'o
483 2284 618 2346 genitorem
628 2284 734 2349 appellat
743 2289 824 2335 amico
831 2322 840 2347 ‚

194 2357 318 2411 Prodendi
335 2361 424 2410 Gabios
435 2358 502 2427 quod
513 2362 558 2409 sibi
568 2362 683 2412 monstret
697 2366 752 2414 iter.

163 2437 256 2489 Hortus
267 2437 373 2489 odoratis
381 2440 475 2491 suberat
482 2438 722 2493 cultissimurherbis.

193 2520 275 2567 Sellus
289 2519 390 2567 humum
401 2520 454 2568 rivo
464 2517 517 2567 lene
527 2521 721 2586 somniaque,

161 2592 217 2645 illic
236 2595 382 2661 Tarquinius
392 2596 506 2647 mandata
518 2596 617 2647 latentia
629 2601 681 2647 nari
883 2620 931 2672 705

192 2675 291 2739 Accipit
301 2710 312 2735 ,
327 2680 351 2725 &
366 2674 434 2741 virgi
442 2675 598 2727 iiliasurnrna
608 2678 688 2726 merit.

161 2751 272 2801 Nuntius
288 2767 315 2803 ut
327 2751 414 2813 rediit,
427 2751 567 2821 decussaque
578 2754 630 2805 lilia
639 2752 702 2807 dixit
709 2770 719 2813 ς

192 2830 287 2890 Filius,
303 2831 415 2895 Agnosco
429 2828 490 2895 juffa
500 2834 620 2897 parentis,
636 2836 681 2885 ait.

160 2906 212 2958 Noc
234 2924 321 2959 morae
332 2910 479 2976 principibus
489 2915 553 2962 cesis
566 2930 596 2961 ex
607 2915 664 2964 urbe
674 2914 784 2972 Gabini,

190 2986 333 3039 Traduntur
346 2986 446 3039 ducibus
458 2992 547 3053 rnmnia
557 2990 623 3041 nuda
632 2994 688 3042 suis.
883 3005 932 3052 710

158 3062 246 3129 Eece,
266 3066 334 3117 nefas
347 3068 413 3121 risui
434 3066 522 3121 mediis
540 3068 654 3124 altaribus
669 3077 752 3137 anguis

718 3156 775 3207 Cu
