2334 3917
296 340 718 430 FAsrorture'Lrn.
745 356 790 429 V.
836 376 899 449 135

224 480 325 542 Sidoni,
338 485 371 531 sic
384 480 459 530 fueras
469 478 607 545 accipienda
616 480 679 531 Jovi.
906 488 955 530 oro

193 560 256 624 Saepe
267 560 383 625 puellares
395 557 508 608 subduxit
522 560 551 608 ab
562 575 657 624 aequure
670 558 778 624 plantas,

223 639 254 687 Et
269 642 356 688 metuit
367 642 440 688 tatius
448 637 574 689 assilientis
586 654 662 702 aque.

193 718 256 783 Saepe
267 718 332 767 Deus
340 716 443 783 prudens
451 730 544 781 tergum
556 713 663 765 demittit
673 716 699 764 in
706 711 797 774 undas,

223 796 318 846 Haereat
331 811 358 846 ut
368 795 433 846 tollo
442 795 527 845 fortius
537 793 579 843 illa
590 794 642 843 suo.

192 873 313 923 Litoribus
330 876 414 933 tastis,
428 874 504 924 stabat
514 876 563 923 sine
574 873 686 922 cornibus
696 868 752 919 ullis
908 888 951 939 ⁶¹5

223 952 331 1017 iuppiter
340 971 346 1001 r
356 954 428 1019 inque
439 952 519 1001 Deum
532 949 562 1001 de
576 952 638 1000 bove
650 950 729 998 vorsus
738 962 797 997 erat.

193 1029 283 1079 Taurus
291 1033 337 1079 init
347 1030 438 1081 coeluru
450 1048 456 1079 ι
470 1044 493 1079 te
506 1064 513 1089 ‚
531 1027 634 1088 sidoni,
653 1029 761 1092 luppiter
772 1024 873 1091 irnplet3

225 1108 328 1174 Parsque
339 1124 407 1159 tuum
419 1124 486 1158 terrae
494 1111 564 1158 tertia
574 1124 664 1157 nomen
674 1108 757 1157 habet.

192 1182 245 1233 Hoc
256 1185 297 1233 alii
308 1188 403 1250 signum
411 1188 521 1236 Phariam
532 1184 612 1235 dixere
621 1189 761 1251 juventam

225 1262 285 1321 Qua
295 1264 342 1312 bos
357 1280 385 1312 ex
395 1266 493 1313 homine
501 1264 550 1323 est,
561 1280 589 1311 ex
600 1264 661 1312 bove
673 1262 734 1310 fasta
746 1260 806 1309 Dea.
907 1278 956 1317 ιω

192 1339 255 1389 Tum
267 1356 364 1407 quoque
375 1344 506 1407 priscorum
517 1344 587 1407 virgo
599 1341 725 1391 simulacra
733 1342 840 1391 virorum

224 1418 324 1467 Mittere
342 1420 444 1481 roboreo
455 1420 544 1483 scirpea
554 1434 628 1485 ponte
639 1418 708 1467 solet.

191 1491 303 1558 Corpora
312 1494 365 1559 post
375 1492 453 1545 decies
461 1497 528 1544 senos
537 1498 578 1564 qui
589 1493 691 1544 credidit
701 1510 776 1543 annor

224 1570 296 1621 Missa
304 1575 357 1621 neci
366 1607 375 1632 ,
387 1573 479 1622 sceleris
490 1572 589 1622 crimine
599 1570 774 1622 damnaturos.

191 1648 209 1697 f
210 1665 264 1698 ama
271 1664 353 1700 vetur:
363 1664 418 1701 tunc
432 1651 488 1701 etim
498 1654 607 1700 Saturnia
618 1666 679 1701 terra
688 1665 775 1702 vocata
787 1650 837 1711 est,
907 1680 951 1733 625

221 1726 291 1776 Talia
301 1726 394 1777 fatidici
407 1727 469 1778 dicta
481 1729 546 1779 fuere
558 1730 613 1778 Dei.

190 1805 308 1855 falcifero
320 1807 394 1855 libata
404 1809 453 1855 seni
462 1805 511 1857 duo
519 1824 636 1872 corpora,
650 1820 748 1872 gentes,

223 1885 316 1934 Mittite
326 1902 334 1944 3
346 1900 399 1951 qut
411 1886 493 1935 Tuscis
506 1888 654 1951 excipiantur
665 1888 741 1951 aquis.

190 1961 275 2011 Donec
286 1965 312 2011 iu
325 1964 375 2011 hae
386 1966 453 2013 venit
461 1964 602 2027 Tirynthius
612 1980 684 2023 arva,
696 1965 824 2029 quotannis

222 2040 309 2089 Tristia
317 2038 435 2090 Leucadio
446 2044 509 2091 sacra
517 2043 610 2107 perusta
621 2038 696 2091 modo
708 2060 715 2089 r
906 2054 921 2091 6
925 2061 954 2106 3⁰

189 2118 263 2168 Illum
273 2120 412 2169 stramineos
423 2124 542 2186 inaquam
552 2118 641 2169 misisse
654 2120 769 2181 Quirites.

223 2197 333 2246 Herculia
344 2198 455 2263 exemplo
465 2216 566 2263 corpora
579 2197 704 2264 falsa‘jaci.

85 2332 86 2335 Ἴ
176 2272 245 2325 'Pars
256 2290 339 2340 putat,
352 2291 378 2325 ut
392 2277 481 2327 ferrent
489 2281 585 2343 juvenes
593 2276 704 2343 suffragia
713 2277 776 2337 soii,

223 2354 338 2403 Pontibus
349 2352 458 2403 infirmos
465 2352 619 2419 precipitaffe
630 2357 704 2404 senes.

189 2431 275 2488 Tibri,
293 2431 354 2482 doce
363 2450 462 2483 verum:
473 2448 512 2483 tua
523 2437 573 2499 ripa
582 2434 696 2483 vetustior
705 2433 782 2483 Urbe.
904 2444 949 2497 635

224 2512 370 2575 Principium
380 2510 438 2559 ritis
446 2526 471 2559 tu
480 2512 539 2560 bene
549 2508 616 2559 noiie
627 2525 703 2575 ports.

189 2587 269 2637 Tibris
280 2586 446 2638 arundiferum
457 2588 539 2639 medio
550 2603 622 2654 caput
634 2587 720 2637 extulit
727 2587 815 2647 alveo,

222 2668 349 2733 Raucaque
360 2665 465 2717 dimovit
475 2667 561 2716 talibus
568 2684 610 2715 ora
616 2669 695 2724 sonita

86 2791 87 2816 χ
188 2744 246 2795 Hac
253 2744 307 2794 loca
314 2742 416 2797 desertas
423 2743 474 2798 vidi
485 2748 533 2795 siue
544 2743 771 2814 moenibusherbesa

221 2824 334 2873 Pascebat
350 2825 439 2889 sparsos
450 2840 548 2891 utraque
560 2827 611 2890 ripa
625 2825 707 2880 boves,
901 2836 949 2887 640

188 2900 220 2950 Et
236 2918 309 2967 quem
319 2917 382 2951 nunt
393 2917 474 2967 gentes
485 2904 583 2969 Tiberin
594 2916 731 2967 noruntque
742 2904 876 2967 timentque
887 2936 896 2961 ,

221 2979 292 3028 Tunc
303 2982 376 3030 etiam
386 2982 467 3044 pecori
474 2978 639 3044 despiciendus
646 2996 720 3029 eram.

188 3054 286 3107 Arcadis
296 3056 401 3110 Evandri
411 3074 500 3109 nornen
509 3058 555 3109 tibi
564 3060 623 3124 saepe
633 3058 746 3110 referturr
