2334 3917
302 413 443 483 Enrsr.
463 433 521 486 nx
537 419 691 490 Pouro
709 425 747 494 L.
761 428 812 495 II.
854 453 915 519 315

204 528 335 583 Observare
355 535 441 592 Deos,
460 554 490 589 ue
508 538 567 606 quid
585 544 646 592 mihi
663 544 733 595 cedat
749 545 845 606 amic&

239 608 363 677 Verbaque
376 615 486 667 fortune
503 622 543 667 vix
559 636 619 685 puto
633 619 698 687 poffe
710 622 770 674 dari.

203 682 242 733 Est
262 687 298 737 illi
317 706 377 740 curre
396 708 436 742 me
451 694 564 758 perdere3
584 716 684 765 queque
698 702 791 753 solebat

235 761 287 812 Effe
302 764 376 827 levis,
390 770 498 820 constans
518 776 542 823 δι
559 776 619 831 bene
640 792 705 825 certa
722 794 805 829 nocet.

201 836 280 889 Crede
296 846 372 902 mihi,
394 850 413 895 si
431 849 481 897 sum
501 854 550 899 veri
567 854 611 902 tibi
629 858 740 919 cognitus
753 862 822 918 oris,

236 916 287 965 Nec
306 920 369 969 frans
386 926 410 971 in
421 927 505 975 nostris
519 930 611 979 casibus
628 930 675 981 eise
686 936 783 999 potest3

201 986 329 1059 Cinyphiae
344 1000 428 1065 segetis
446 1004 515 1055 ciuus
532 1011 669 1059 numerabis
685 1013 784 1069 aristas,
938 1045 964 1088 25

233 1072 335 1139 Altaque
352 1078 427 1142 quim
442 1082 524 1133 multis
542 1084 627 1137 lloreat
641 1088 722 1151 Hybla
740 1094 828 1156 thymis
846 1116 853 1145 e

198 1144 230 1195 Et
247 1165 306 1213 quot
322 1168 375 1203 aves
394 1163 468 1207 motis
488 1164 595 1211 nitentur
613 1168 639 1213 in
658 1172 711 1216 a'c'ra
730 1176 834 1233 pennis3

233 1225 347 1295 Quotque
367 1248 450 1285 natent
466 1240 541 1302 pisces
559 1258 674 1307 aequore,
692 1263 770 1299 certus
788 1257 856 1301 eris:

198 1302 280 1362 Quini
300 1309 343 1357 tibi
359 1312 493 1365 nostrorum
511 1318 624 1370 statuatur
639 1324 732 1375 summa
744 1328 871 1392 laborum,

231 1381 298 1442 Quos
310 1402 354 1451 ego
365 1390 416 1439 sum
428 1394 505 1453 terri,
524 1412 585 1461 quos
604 1416 648 1464 ego
667 1400 744 1465 passus
759 1409 831 1472 aqui.
936 1435 963 1477 3⁰

142 1488 147 1495 -
197 1457 272 1511 Nulla
293 1464 359 1513 Getis
376 1481 429 1517 toto
445 1486 502 1535 gens
522 1474 554 1523 est
570 1479 728 1530 truculentior
744 1486 803 1535 orbe
822 1506 828 1535 :

229 1536 275 1586 Sed
295 1554 376 1592 tamen
396 1546 421 1593 hi
440 1549 525 1598 nostris
539 1554 678 1617 ingemuere
694 1560 772 1611 malis.

195 1613 254 1675 Qun
267 1619 310 1666 tibi
323 1623 341 1667 si
355 1628 458 1673 memori
477 1643 550 1676 coner
568 1635 710 1695 perscribere
726 1643 814 1702 versu,

228 1692 282 1742 ilias
301 1697 333 1744 est
348 1698 402 1749 ntis
420 1701 492 1768 longa
511 1704 591 1757 futura
605 1713 674 1761 meis.

193 1766 250 1818 Non
270 1774 343 1837 igitur
356 1793 455 1835 vereor,
471 1781 538 1848 quod
552 1800 574 1834 te
592 1789 709 1843 reareffe
724 1798 869 1861 verendum,
904 1811 912 1824 '
932 1827 956 1868 55

134 1834 136 1837 ⁵
224 1846 301 1914 Cujus
312 1869 380 1905 amor
391 1859 462 1909 nobie
476 1864 576 1926 pignora
588 1867 656 1917 mille
667 1868 753 1924 dedit:

190 1924 237 1975 Sed
248 1932 348 1993 quiores
359 1934 444 1987 timida
457 1940 489 1989 est
499 1947 578 1993 omnis
590 1950 675 2008 miser3
688 1955 713 2001 δι
726 1960 782 2021 quia
793 1959 867 2025 longo

223 2004 342 2072 Tempore
355 2012 445 2066 letitie.
460 2022 531 2083 janua
546 2022 626 2075 clausa
643 2044 702 2079 mee
719 2033 760 2082 est.

187 2080 240 2130 iam
259 2083 330 2136 dolor
345 2094 370 2139 in
385 2110 477 2146 rnorem
495 2104 562 2150 venit
579 2120 646 2154 meus
657 2122 665 2154 ε
676 2117 750 2176 utque
760 2112 856 2165 caducis

222 2160 331 2213 Percuil'u
347 2172 430 2221 crebro
449 2166 502 2227 saxa
520 2195 635 2251 cavantur
653 2190 739 2253 oquin

187 2234 225 2282 Sic
241 2253 286 2301 ego
301 2249 417 2301 continuo
438 2252 546 2305 Fortunae
561 2261 675 2312 vulneror
691 2269 738 2316 inu
755 2287 762 2317 e

221 2312 315 2379 Vixque
331 2322 402 2372 habet
419 2329 444 2374 in
462 2332 530 2380 nobis
546 2338 597 2399 jam
614 2355 677 2390 nova
693 2344 765 2409 plaga
778 2347 869 2401 locum.

884 2202 955 2258 '40

77 2416 78 2449 ἶ
148 2406 150 2409 ·
187 2384 238 2437 Nec
251 2395 326 2455 magis
337 2398 431 2450 assiduo
442 2421 526 2456 vomer
537 2426 647 2463 tenuatur
658 2420 688 2466 ab
699 2424 756 2482 usu,

219 2464 270 2515 Nec
284 2476 358 2535 magis
369 2478 401 2523 est
411 2485 487 2530 curvis
501 2484 575 2550 Appia
588 2494 643 2543 trita
653 2498 727 2556 rotis3

187 2538 285 2593 Pedora
294 2548 368 2611 quim
380 2570 433 2604 nrea
445 2559 498 2608 sunt
508 2564 566 2613 serie
577 2583 665 2620 cecata
675 2572 785 2629 laborum
798 2600 804 2629 ι

214 2618 246 2668 Et
258 2623 319 2671 nihil
334 2629 427 2690 inveni,
444 2636 510 2699 quod
521 2644 581 2690 mihi
594 2644 665 2695 ferret
680 2666 761 2714 opem.

183 2694 281 2747 Artibus
293 2703 400 2767 ingenuis
411 2716 508 2775 quesita
519 2718 551 2766 est
561 2720 639 2785 gloria
649 2726 732 2779 multis
743 2750 750 2781 e

212 2772 298 2826 Infelix
313 2786 374 2845 perii
391 2784 488 2839 dotibus
502 2795 551 2857 ipse
566 2802 635 2848 meis.

179 2848 242 2901 Vita.
247 2859 312 2918 prior
324 2862 384 2911 virio
396 2880 475 2927 caret,
489 2874 512 2921 bc
524 2876 574 2925 sine
585 2878 639 2929 labe
654 2886 745 2947 perusta
757 2908 765 2937 ι

208 2930 297 2984 Auxilii
309 2941 396 2991 misero
406 2944 440 2991 nil
453 2948 508 2998 tulit
518 2952 561 3001 illa
572 2959 642 3006 mihi.

178 3002 257 3071 Culpa
269 3018 345 3074 gravis
356 3016 464 3081 precibus
476 3023 578 3079 donatur
589 3023 774 3097 snpe'suorum:

204 3083 287 3137 Omnis
298 3098 420 3155 pronubis
431 3104 506 3164 gratia
518 3121 584 3159 muto
597 3109 651 3161 fuit.

706 3196 761 3264 οι]
