2334 3917
276 392 342 457 372
417 368 460 439 P.
492 370 649 437 Ovrnrr
681 374 899 441 Nasoun-

288 530 973 605 e-ssQe—ffle-eo

379 671 872 743 EPISTOLAXII.
952 674 959 681 ’

446 820 823 893 TUTICANO.

274 906 386 1053 Quo
400 981 478 1046 minuis
489 983 513 1031 in
524 982 609 1032 nostris
619 986 714 1049 ponaris
722 1019 731 1044 ,
740 984 835 1044 amite,
846 980 955 1043 libellis,

304 1058 418 1107 Nominis
430 1058 532 1109 efficitur
542 1061 683 1113 conditione
695 1067 738 1113 tui.

270 1134 312 1185 Ast
323 1151 367 1200 ego
379 1152 429 1185 non
439 1137 513 1187 alium
525 1140 590 1204 priris
600 1143 646 1190 hoc
658 1140 768 1206 dignaret
776 1141 885 1199 bonore3

304 1212 344 1261 Est
353 1214 440 1281 aliquis
451 1216 557 1267 nostrum
569 1222 589 1267 ti
599 1216 676 1269 modb
686 1236 783 1269 carmen
792 1221 880 1267 honos.

196 1316 207 1329 ν
240 1307 251 1355 5
270 1290 319 1339 Lex
330 1290 398 1357 pedit
409 1292 507 1357 officio,
519 1310 650 1363 naturaque
660 1300 766 1347 nominis
776 1333 784 1356 ,
795 1293 891 1345 obstant
903 1312 912 1345 e

303 1370 405 1435 Quique
416 1388 482 1420 meos
493 1371 577 1433 adeas,
590 1375 623 1423 eli
633 1378 671 1425 via
679 1375 747 1424 nulla
753 1410 762 1435 ‚
773 1372 871 1423 modos.

269 1446 333 1497 Nam
344 1444 418 1512 pudet
429 1450 454 1496 in
466 1454 575 1515 geminos
586 1456 620 1502 ita
630 1469 719 1502 nomen
731 1450 819 1501 findere
829 1452 929 1511 versut,

301 1527 403 1577 Desinat
414 1543 441 1579 ut
451 1532 516 1594 prior
527 1532 591 1589 hoc,
604 1534 750 1596 incipiatque
761 1533 850 1579 minor.

270 1605 301 1655 Et
312 1604 417 1671 pudeat,
429 1610 447 1657 si
461 1624 500 1667 te,
511 1608 560 1674 qui
570 1608 660 1670 syllaba
671 1624 736 1673 parte
746 1625 853 1657 motatur
865 1642 875 1668 ,

223 1717 251 1749 ιο
304 1684 394 1735 Αιᾶἰὼ
405 1687 540 1751 appellem,
553 1686 746 1751 Tuticanumque
756 1702 852 1735 vocem.

270 1764 321 1813 Nec
332 1779 400 1830 poter
412 1766 437 1813 in
449 1766 541 1813 versum
553 1764 667 1814 Tuticani
676 1781 743 1813 more
754 1766 834 1813 venite
841 1797 852 1824 ,

302 1842 357 1891 Fiat
368 1856 395 1891 ut
406 1861 418 1891 e
430 1842 501 1908 longa
512 1843 604 1906 syllaba
614 1846 690 1909 prima
701 1844 788 1891 brevit.

269 1919 317 1967 Aut
326 1916 489 1983 producatur,
501 1937 553 1987 quae
565 1938 629 1971 nunc
640 1920 770 1985 correptius
780 1921 843 1979 eait3

302 1998 332 2045 Et
341 2000 372 2046 sit
381 1998 487 2063 potresii
499 2000 571 2065 longa
582 1998 685 2049 secunda
695 1998 774 2048 mori.

222 2097 245 2145 ¹5
268 2075 311 2123 His
322 2092 367 2139 ego
378 2080 397 2125 si
407 2079 471 2127 vitiis
484 2081 560 2127 ausim
573 2094 725 2143 corrumpere
737 2092 843 2136 nornen,

300 2151 401 2214 Rideat,
413 2158 438 2204 bc
451 2154 538 2203 meritb
549 2156 725 2219 pestuthabere
735 2172 818 2219 neget.

266 2230 324 2281 Haec
336 2232 396 2285 mihi
407 2233 476 2281 eausa
488 2232 533 2282 suit
544 2231 613 2282 dilati
626 2236 731 2281 muneris
743 2235 835 2298 hujus,

300 2308 374 2370 Quod
385 2327 468 2369 meur,
480 2308 573 2374 adjecto
585 2309 685 2370 fenore,
697 2309 782 2361 reddet
793 2327 857 2375 ager.

267 2388 349 2453 Teque
361 2404 443 2439 canam
455 2405 605 2455 quacumque
614 2388 673 2439 notai
683 2407 689 2436 z
700 2390 744 2437 tibi
756 2392 860 2438 carmina
868 2389 981 2446 mittam.
1077 2450 1078 2459 ἵ

220 2496 250 2529 20
298 2467 367 2516 Paene
376 2470 435 2515 tnihi
446 2483 518 2532 puero
529 2469 625 2531 cognite
635 2483 700 2530 pane
712 2483 779 2530 puer.

269 2546 359 2610 Perque
371 2558 408 2595 tot
418 2561 536 2595 annorum
545 2546 643 2601 seriem,
655 2558 716 2609 quot
725 2546 840 2592 habemus
849 2559 950 2611 uterque
956 2579 969 2606 ,

297 2624 355 2672 Non
367 2626 442 2683 mihi,
456 2622 608 2689 qudmlfratri
620 2622 708 2682 stater,
721 2638 798 2672 amate
809 2622 900 2672 mimis.
947 2670 951 2680 ,

265 2702 303 2751 Tu
316 2702 391 2752 bonus
402 2704 527 2756 hortator,
540 2717 565 2750 tu
576 2700 671 2766 duxque
684 2716 811 2766 comesque
823 2698 905 2758 suilli.

297 2780 361 2831 Ctlm
373 2796 477 2845 regerem
492 2778 571 2828 teneti
583 2778 649 2827 frena
660 2777 756 2827 novella
766 2795 850 2828 rnanu.

215 2887 241 2933 25
264 2860 328 2923 Saepe
340 2874 384 2924 ego
396 2860 487 2907 correxi
499 2859 541 2905 sub
553 2872 575 2907 te
587 2858 684 2905 censore
694 2855 789 2905 libellos
801 2875 807 2906 t

157 2930 164 2939 ”
297 2939 361 3001 Saepe
373 2937 417 2985 ribi
429 2934 627 2985 admonitusabia
639 2933 711 2982 litura
721 2946 776 2982 meo
788 2934 841 2993 οὓς

264 3014 370 3077 Dignam
382 3014 492 3063 Maoniir
503 3008 628 3061 Phaeacida
639 3009 742 3060 condere
753 3012 842 3062 chartis

297 3090 362 3142 Crini
373 3105 397 3141 te
406 3088 509 3144 Pie'rider
519 3088 665 3158 perdocuere
678 3102 733 3139 tut.
