<?xml version="1.0" encoding="UTF-8"?>
<!DOCTYPE html PUBLIC "-//W3C//DTD XHTML 1.0 Transitional//EN"
    "http://www.w3.org/TR/xhtml1/DTD/xhtml1-transitional.dtd">
<html xmlns="http://www.w3.org/1999/xhtml" xml:lang="en" lang="en">
 <head>
  <title>
</title>
<meta http-equiv="Content-Type" content="text/html;charset=utf-8" />
  <meta name='ocr-system' content='tesseract 3.04.00' />
  <meta name='ocr-capabilities' content='ocr_page ocr_carea ocr_par ocr_line ocrx_word'/>
</head>
<body>
  <div class='ocr_page' id='page_1' title='image "./povidiinasoniso05ovidgoog_0131.png"; bbox 0 0 2334 3917; ppageno 0'>
   <div class='ocr_carea' id='block_1_1' title="bbox 250 297 884 399">
    <p class='ocr_par' dir='ltr' id='par_1_1' title="bbox 250 297 884 399">
     <span class='ocr_line' id='line_1_1' title="bbox 250 297 884 399; baseline -0.002 -34"><span class='ocrx_word' id='word_1_1' title='bbox 250 298 563 367; x_wconf 63' lang='lat' dir='ltr'>Fastorum</span> <span class='ocrx_word' id='word_1_2' title='bbox 588 298 690 366; x_wconf 78' lang='lat' dir='ltr'>Lan.</span> <span class='ocrx_word' id='word_1_3' title='bbox 723 297 769 367; x_wconf 91' lang='lat' dir='ltr'>V.</span> <span class='ocrx_word' id='word_1_4' title='bbox 814 318 884 399; x_wconf 81' lang='lat'>¹121</span> 
     </span>
    </p>
   </div>
   <div class='ocr_carea' id='block_1_2' title="bbox 169 416 981 3117">
    <p class='ocr_par' dir='ltr' id='par_1_2' title="bbox 169 416 981 3117">
     <span class='ocr_line' id='line_1_2' title="bbox 200 416 705 483; baseline 0 -16"><span class='ocrx_word' id='word_1_5' title='bbox 200 416 276 479; x_wconf 89' lang='lat' dir='ltr'>Quod</span> <span class='ocrx_word' id='word_1_6' title='bbox 287 419 396 483; x_wconf 79' lang='lat' dir='ltr'>praestant</span> <span class='ocrx_word' id='word_1_7' title='bbox 406 418 483 468; x_wconf 89' lang='lat' dir='ltr'>oculis</span> <span class='ocrx_word' id='word_1_8' title='bbox 494 422 575 469; x_wconf 88' lang='lat' dir='ltr'>omnia</span> <span class='ocrx_word' id='word_1_9' title='bbox 587 435 639 469; x_wconf 89' lang='lat' dir='ltr'>tuta</span> <span class='ocrx_word' id='word_1_10' title='bbox 650 421 705 468; x_wconf 83' lang='lat' dir='ltr'>suis.</span> 
     </span>
     <span class='ocr_line' id='line_1_3' title="bbox 169 494 937 563; baseline 0.004 -19"><span class='ocrx_word' id='word_1_11' title='bbox 169 496 238 544; x_wconf 82' lang='lat' dir='ltr'>Stant</span> <span class='ocrx_word' id='word_1_12' title='bbox 248 512 345 561; x_wconf 90' lang='lat' dir='ltr'>quoque</span> <span class='ocrx_word' id='word_1_13' title='bbox 353 514 397 561; x_wconf 80' lang='lat' dir='ltr'>pro</span> <span class='ocrx_word' id='word_1_14' title='bbox 406 500 491 557; x_wconf 85' lang='lat' dir='ltr'>nobis,</span> <span class='ocrx_word' id='word_1_15' title='bbox 513 501 538 545; x_wconf 84' lang='lat'>&amp;</span> <span class='ocrx_word' id='word_1_16' title='bbox 549 497 651 562; x_wconf 65' lang='lat' dir='ltr'>praesunt</span> <span class='ocrx_word' id='word_1_17' title='bbox 661 496 780 547; x_wconf 74' lang='lat' dir='ltr'>maenibus</span> <span class='ocrx_word' id='word_1_18' title='bbox 791 494 865 546; x_wconf 85' lang='lat' dir='ltr'>Urbis</span> <span class='ocrx_word' id='word_1_19' title='bbox 872 516 913 563; x_wconf 71' lang='grc' dir='ltr'>,η</span> <span class='ocrx_word' id='word_1_20' title='bbox 923 516 937 562; x_wconf 82' lang='lat'>5,</span> 
     </span>
     <span class='ocr_line' id='line_1_4' title="bbox 200 572 723 641; baseline 0.004 -18"><span class='ocrx_word' id='word_1_21' title='bbox 200 572 233 623; x_wconf 84' lang='lat' dir='ltr'>Et</span> <span class='ocrx_word' id='word_1_22' title='bbox 244 576 299 623; x_wconf 84' lang='lat' dir='ltr'>sunt</span> <span class='ocrx_word' id='word_1_23' title='bbox 306 576 447 639; x_wconf 65' lang='lat' dir='ltr'>presentes,</span> <span class='ocrx_word' id='word_1_24' title='bbox 460 574 622 641; x_wconf 85' lang='lat' dir='ltr'>auxiliumque</span> <span class='ocrx_word' id='word_1_25' title='bbox 635 574 723 627; x_wconf 84' lang='lat' dir='ltr'>ferunt.</span> 
     </span>
     <span class='ocr_line' id='line_1_5' title="bbox 170 650 779 718; baseline -0.002 -14"><span class='ocrx_word' id='word_1_26' title='bbox 170 652 202 705; x_wconf 76' lang='lat' dir='ltr'>At</span> <span class='ocrx_word' id='word_1_27' title='bbox 220 656 285 702; x_wconf 89' lang='lat' dir='ltr'>canis</span> <span class='ocrx_word' id='word_1_28' title='bbox 297 668 352 703; x_wconf 92' lang='lat' dir='ltr'>ante</span> <span class='ocrx_word' id='word_1_29' title='bbox 368 653 459 718; x_wconf 84' lang='lat' dir='ltr'>pedes,</span> <span class='ocrx_word' id='word_1_30' title='bbox 474 654 529 702; x_wconf 82' lang='lat' dir='ltr'>saro</span> <span class='ocrx_word' id='word_1_31' title='bbox 539 650 666 702; x_wconf 80' lang='lat' dir='ltr'>fabricatus</span> <span class='ocrx_word' id='word_1_32' title='bbox 677 650 779 714; x_wconf 84' lang='lat' dir='ltr'>eodem,</span> 
     </span>
     <span class='ocr_line' id='line_1_6' title="bbox 203 726 728 796; baseline 0.006 -17"><span class='ocrx_word' id='word_1_33' title='bbox 203 732 357 796; x_wconf 74' lang='lat' dir='ltr'>Stabatsquae</span> <span class='ocrx_word' id='word_1_34' title='bbox 369 726 445 779; x_wconf 89' lang='lat' dir='ltr'>standi</span> <span class='ocrx_word' id='word_1_35' title='bbox 456 747 511 780; x_wconf 88' lang='lat' dir='ltr'>cum</span> <span class='ocrx_word' id='word_1_36' title='bbox 521 730 578 779; x_wconf 87' lang='lat' dir='ltr'>Lare</span> <span class='ocrx_word' id='word_1_37' title='bbox 586 732 655 778; x_wconf 86' lang='lat' dir='ltr'>causa</span> <span class='ocrx_word' id='word_1_38' title='bbox 665 728 728 782; x_wconf 76' lang='lat' dir='ltr'>fuiti</span> 
     </span>
     <span class='ocr_line' id='line_1_7' title="bbox 173 804 888 875; baseline -0.004 -17"><span class='ocrx_word' id='word_1_39' title='bbox 173 808 255 858; x_wconf 86' lang='lat' dir='ltr'>Servat</span> <span class='ocrx_word' id='word_1_40' title='bbox 266 824 365 875; x_wconf 85' lang='lat' dir='ltr'>uterque</span> <span class='ocrx_word' id='word_1_41' title='bbox 372 806 484 867; x_wconf 85' lang='lat' dir='ltr'>domum,</span> <span class='ocrx_word' id='word_1_42' title='bbox 494 806 594 859; x_wconf 90' lang='lat' dir='ltr'>domino</span> <span class='ocrx_word' id='word_1_43' title='bbox 603 820 700 873; x_wconf 85' lang='lat' dir='ltr'>quoque</span> <span class='ocrx_word' id='word_1_44' title='bbox 708 804 769 855; x_wconf 87' lang='lat' dir='ltr'>fidus</span> <span class='ocrx_word' id='word_1_45' title='bbox 780 822 888 873; x_wconf 79' lang='lat' dir='ltr'>uterquet</span> 
     </span>
     <span class='ocr_line' id='line_1_8' title="bbox 206 885 940 951; baseline -0.005 -14"><span class='ocrx_word' id='word_1_46' title='bbox 206 885 328 950; x_wconf 78' lang='lat' dir='ltr'>Compita</span> <span class='ocrx_word' id='word_1_47' title='bbox 340 900 407 951; x_wconf 82' lang='lat' dir='ltr'>grata</span> <span class='ocrx_word' id='word_1_48' title='bbox 419 885 490 945; x_wconf 86' lang='lat' dir='ltr'>Deo,</span> <span class='ocrx_word' id='word_1_49' title='bbox 508 886 615 949; x_wconf 82' lang='lat' dir='ltr'>compita</span> <span class='ocrx_word' id='word_1_50' title='bbox 622 898 688 948; x_wconf 84' lang='lat' dir='ltr'>grata</span> <span class='ocrx_word' id='word_1_51' title='bbox 698 886 761 932; x_wconf 86' lang='lat' dir='ltr'>cani.</span> <span class='ocrx_word' id='word_1_52' title='bbox 894 900 940 946; x_wconf 82' lang='lat'>140</span> 
     </span>
     <span class='ocr_line' id='line_1_9' title="bbox 176 960 920 1027; baseline -0.007 -14"><span class='ocrx_word' id='word_1_53' title='bbox 176 962 304 1027; x_wconf 75' lang='lat' dir='ltr'>Exagitant</span> <span class='ocrx_word' id='word_1_54' title='bbox 317 966 341 1011; x_wconf 79' lang='grc' dir='ltr'>δι</span> <span class='ocrx_word' id='word_1_55' title='bbox 359 964 419 1022; x_wconf 83' lang='lat' dir='ltr'>Lar,</span> <span class='ocrx_word' id='word_1_56' title='bbox 436 966 460 1011; x_wconf 74' lang='grc' dir='ltr'>ὃ(</span> <span class='ocrx_word' id='word_1_57' title='bbox 476 963 545 1011; x_wconf 87' lang='lat' dir='ltr'>turba</span> <span class='ocrx_word' id='word_1_58' title='bbox 560 960 667 1021; x_wconf 89' lang='lat' dir='ltr'>Diania,</span> <span class='ocrx_word' id='word_1_59' title='bbox 683 961 760 1019; x_wconf 81' lang='lat' dir='ltr'>fures3</span> <span class='ocrx_word' id='word_1_60' title='bbox 915 966 920 971; x_wconf 83' lang='grc'><em>“</em></span> 
     </span>
     <span class='ocr_line' id='line_1_10' title="bbox 208 1037 791 1105; baseline -0.007 -16"><span class='ocrx_word' id='word_1_61' title='bbox 208 1040 401 1105; x_wconf 69' lang='lat' dir='ltr'>pervigilantque</span> <span class='ocrx_word' id='word_1_62' title='bbox 411 1040 498 1099; x_wconf 82' lang='lat' dir='ltr'>Lares,</span> <span class='ocrx_word' id='word_1_63' title='bbox 512 1037 701 1104; x_wconf 79' lang='lat' dir='ltr'>pervigilantque</span> <span class='ocrx_word' id='word_1_64' title='bbox 712 1054 791 1086; x_wconf 81' lang='lat' dir='ltr'>canes.</span> 
     </span>
     <span class='ocr_line' id='line_1_11' title="bbox 175 1116 752 1183; baseline -0.009 -15"><span class='ocrx_word' id='word_1_65' title='bbox 175 1116 233 1168; x_wconf 87' lang='lat' dir='ltr'>Bina</span> <span class='ocrx_word' id='word_1_66' title='bbox 244 1117 404 1182; x_wconf 78' lang='lat' dir='ltr'>gemellorum</span> <span class='ocrx_word' id='word_1_67' title='bbox 416 1118 550 1183; x_wconf 72' lang='lat' dir='ltr'>quaerebam</span> <span class='ocrx_word' id='word_1_68' title='bbox 563 1120 631 1181; x_wconf 84' lang='lat' dir='ltr'>signa</span> <span class='ocrx_word' id='word_1_69' title='bbox 642 1116 752 1165; x_wconf 85' lang='lat' dir='ltr'>Deorum</span> 
     </span>
     <span class='ocr_line' id='line_1_12' title="bbox 204 1192 683 1252; baseline -0.002 -9"><span class='ocrx_word' id='word_1_70' title='bbox 204 1196 302 1244; x_wconf 82' lang='lat' dir='ltr'>Viribus</span> <span class='ocrx_word' id='word_1_71' title='bbox 314 1196 407 1244; x_wconf 81' lang='lat' dir='ltr'>annosae</span> <span class='ocrx_word' id='word_1_72' title='bbox 419 1194 478 1243; x_wconf 60' lang='lat' dir='ltr'>falia</span> <span class='ocrx_word' id='word_1_73' title='bbox 490 1192 579 1243; x_wconf 85' lang='lat' dir='ltr'>caduca</span> <span class='ocrx_word' id='word_1_74' title='bbox 589 1210 663 1243; x_wconf 81' lang='lat' dir='ltr'>morae</span> <span class='ocrx_word' id='word_1_75' title='bbox 674 1211 683 1252; x_wconf 78' lang='lat'>3</span> 
     </span>
     <span class='ocr_line' id='line_1_13' title="bbox 174 1268 938 1337; baseline -0.008 -14"><span class='ocrx_word' id='word_1_76' title='bbox 174 1272 245 1323; x_wconf 87' lang='lat' dir='ltr'>Mille</span> <span class='ocrx_word' id='word_1_77' title='bbox 254 1273 341 1330; x_wconf 84' lang='lat' dir='ltr'>Lares,</span> <span class='ocrx_word' id='word_1_78' title='bbox 357 1273 509 1337; x_wconf 88' lang='lat' dir='ltr'>Geniumque</span> <span class='ocrx_word' id='word_1_79' title='bbox 520 1270 612 1330; x_wconf 87' lang='lat' dir='ltr'>Ducis,</span> <span class='ocrx_word' id='word_1_80' title='bbox 625 1274 666 1336; x_wconf 90' lang='lat' dir='ltr'>qui</span> <span class='ocrx_word' id='word_1_81' title='bbox 678 1268 777 1321; x_wconf 85' lang='lat' dir='ltr'>tradidit</span> <span class='ocrx_word' id='word_1_82' title='bbox 786 1270 857 1332; x_wconf 85' lang='lat' dir='ltr'>illos,</span> <span class='ocrx_word' id='word_1_83' title='bbox 895 1284 938 1334; x_wconf 84' lang='lat'>145</span> 
     </span>
     <span class='ocr_line' id='line_1_14' title="bbox 206 1348 744 1417; baseline 0 -20"><span class='ocrx_word' id='word_1_84' title='bbox 206 1348 268 1397; x_wconf 91' lang='lat' dir='ltr'>Urbs</span> <span class='ocrx_word' id='word_1_85' title='bbox 279 1350 366 1417; x_wconf 57' lang='lat' dir='ltr'>habetq</span> <span class='ocrx_word' id='word_1_86' title='bbox 382 1353 406 1397; x_wconf 78' lang='lat' dir='ltr'>dc</span> <span class='ocrx_word' id='word_1_87' title='bbox 416 1351 462 1397; x_wconf 87' lang='lat' dir='ltr'>vici</span> <span class='ocrx_word' id='word_1_88' title='bbox 472 1352 571 1397; x_wconf 85' lang='lat' dir='ltr'>numina</span> <span class='ocrx_word' id='word_1_89' title='bbox 582 1351 643 1397; x_wconf 89' lang='lat' dir='ltr'>trina</span> <span class='ocrx_word' id='word_1_90' title='bbox 651 1349 744 1397; x_wconf 90' lang='lat' dir='ltr'>colunt.</span> 
     </span>
     <span class='ocr_line' id='line_1_15' title="bbox 175 1426 825 1493; baseline 0.003 -18"><span class='ocrx_word' id='word_1_91' title='bbox 175 1426 230 1488; x_wconf 77' lang='lat' dir='ltr'>Qui&gt;</span> <span class='ocrx_word' id='word_1_92' title='bbox 244 1426 326 1477; x_wconf 83' lang='lat' dir='ltr'>feroti</span> <span class='ocrx_word' id='word_1_93' title='bbox 338 1426 453 1491; x_wconf 82' lang='lat' dir='ltr'>Augustus</span> <span class='ocrx_word' id='word_1_94' title='bbox 465 1428 552 1475; x_wconf 88' lang='lat' dir='ltr'>mensis</span> <span class='ocrx_word' id='word_1_95' title='bbox 563 1428 623 1474; x_wconf 88' lang='lat' dir='ltr'>mihi</span> <span class='ocrx_word' id='word_1_96' title='bbox 633 1429 743 1474; x_wconf 78' lang='lat' dir='ltr'>carminis</span> <span class='ocrx_word' id='word_1_97' title='bbox 756 1429 825 1493; x_wconf 77' lang='lat' dir='ltr'>huJus</span> 
     </span>
     <span class='ocr_line' id='line_1_16' title="bbox 205 1501 761 1555; baseline -0.004 -2"><span class='ocrx_word' id='word_1_98' title='bbox 205 1505 218 1553; x_wconf 86' lang='lat' dir='ltr'>J</span> <span class='ocrx_word' id='word_1_99' title='bbox 221 1520 247 1553; x_wconf 93' lang='lat' dir='ltr'>us</span> <span class='ocrx_word' id='word_1_100' title='bbox 262 1504 344 1555; x_wconf 85' lang='lat' dir='ltr'>dabit:</span> <span class='ocrx_word' id='word_1_101' title='bbox 356 1506 446 1553; x_wconf 88' lang='lat' dir='ltr'>interea</span> <span class='ocrx_word' id='word_1_102' title='bbox 453 1502 517 1553; x_wconf 88' lang='lat' dir='ltr'>Diva</span> <span class='ocrx_word' id='word_1_103' title='bbox 527 1501 634 1553; x_wconf 83' lang='lat' dir='ltr'>canenda</span> <span class='ocrx_word' id='word_1_104' title='bbox 643 1503 710 1551; x_wconf 89' lang='lat' dir='ltr'>Bona</span> <span class='ocrx_word' id='word_1_105' title='bbox 720 1504 761 1551; x_wconf 85' lang='lat' dir='ltr'>est.</span> 
     </span>
     <span class='ocr_line' id='line_1_17' title="bbox 174 1582 703 1633; baseline -0.004 0"><span class='ocrx_word' id='word_1_106' title='bbox 174 1583 214 1633; x_wconf 85' lang='lat' dir='ltr'>Est</span> <span class='ocrx_word' id='word_1_107' title='bbox 221 1583 297 1633; x_wconf 89' lang='lat' dir='ltr'>moles</span> <span class='ocrx_word' id='word_1_108' title='bbox 308 1586 403 1633; x_wconf 74' lang='lat' dir='ltr'>nativae</span> <span class='ocrx_word' id='word_1_109' title='bbox 414 1583 470 1633; x_wconf 90' lang='lat' dir='ltr'>loco</span> <span class='ocrx_word' id='word_1_110' title='bbox 481 1600 517 1633; x_wconf 89' lang='lat' dir='ltr'>res</span> <span class='ocrx_word' id='word_1_111' title='bbox 527 1587 626 1633; x_wconf 88' lang='lat' dir='ltr'>nomina</span> <span class='ocrx_word' id='word_1_112' title='bbox 637 1582 703 1632; x_wconf 88' lang='lat' dir='ltr'>fecit.</span> 
     </span>
     <span class='ocr_line' id='line_1_18' title="bbox 205 1660 981 1740; baseline -0.006 -29"><span class='ocrx_word' id='word_1_113' title='bbox 205 1660 335 1727; x_wconf 83' lang='lat' dir='ltr'>Appellant</span> <span class='ocrx_word' id='word_1_114' title='bbox 346 1662 581 1726; x_wconf 75' lang='lat' dir='ltr'>saxumzparsbona</span> <span class='ocrx_word' id='word_1_115' title='bbox 593 1664 682 1710; x_wconf 89' lang='lat' dir='ltr'>montis</span> <span class='ocrx_word' id='word_1_116' title='bbox 694 1676 721 1708; x_wconf 87' lang='lat' dir='ltr'>ea</span> <span class='ocrx_word' id='word_1_117' title='bbox 733 1660 774 1708; x_wconf 87' lang='lat' dir='ltr'>est.</span> <span class='ocrx_word' id='word_1_118' title='bbox 895 1692 943 1740; x_wconf 68' lang='lat'>150</span> <span class='ocrx_word' id='word_1_119' title='bbox 976 1722 981 1729; x_wconf 18' lang='grc' dir='ltr'><strong><em>ἡ</em></strong></span> 
     </span>
     <span class='ocr_line' id='line_1_19' title="bbox 174 1736 843 1805; baseline -0.003 -17"><span class='ocrx_word' id='word_1_120' title='bbox 174 1738 236 1788; x_wconf 87' lang='lat' dir='ltr'>Huic</span> <span class='ocrx_word' id='word_1_121' title='bbox 249 1740 337 1787; x_wconf 85' lang='lat' dir='ltr'>Remus</span> <span class='ocrx_word' id='word_1_122' title='bbox 352 1739 467 1790; x_wconf 82' lang='lat' dir='ltr'>institerat</span> <span class='ocrx_word' id='word_1_123' title='bbox 479 1739 578 1795; x_wconf 86' lang='lat' dir='ltr'>frustra,</span> <span class='ocrx_word' id='word_1_124' title='bbox 593 1756 641 1805; x_wconf 92' lang='lat' dir='ltr'>quo</span> <span class='ocrx_word' id='word_1_125' title='bbox 654 1754 760 1802; x_wconf 82' lang='lat' dir='ltr'>tempore</span> <span class='ocrx_word' id='word_1_126' title='bbox 775 1736 843 1788; x_wconf 86' lang='lat' dir='ltr'>fratri</span> 
     </span>
     <span class='ocr_line' id='line_1_20' title="bbox 207 1808 671 1883; baseline -0.004 -19"><span class='ocrx_word' id='word_1_127' title='bbox 207 1808 288 1870; x_wconf 72' lang='lat' dir='ltr'>Prilna</span> <span class='ocrx_word' id='word_1_128' title='bbox 300 1816 412 1865; x_wconf 83' lang='lat' dir='ltr'>Palatinae</span> <span class='ocrx_word' id='word_1_129' title='bbox 421 1820 487 1883; x_wconf 81' lang='lat' dir='ltr'>signa</span> <span class='ocrx_word' id='word_1_130' title='bbox 500 1814 597 1867; x_wconf 87' lang='lat' dir='ltr'>dedillis</span> <span class='ocrx_word' id='word_1_131' title='bbox 607 1832 671 1866; x_wconf 81' lang='lat' dir='ltr'>ates.</span> 
     </span>
     <span class='ocr_line' id='line_1_21' title="bbox 177 1893 734 1960; baseline -0.002 -16"><span class='ocrx_word' id='word_1_132' title='bbox 177 1894 280 1960; x_wconf 87' lang='lat' dir='ltr'>Templa</span> <span class='ocrx_word' id='word_1_133' title='bbox 290 1896 370 1945; x_wconf 84' lang='lat' dir='ltr'>Patres</span> <span class='ocrx_word' id='word_1_134' title='bbox 377 1894 429 1945; x_wconf 91' lang='lat' dir='ltr'>illic</span> <span class='ocrx_word' id='word_1_135' title='bbox 443 1930 452 1957; x_wconf 89' lang='lat'>,</span> <span class='ocrx_word' id='word_1_136' title='bbox 464 1895 549 1945; x_wconf 88' lang='lat' dir='ltr'>oculos</span> <span class='ocrx_word' id='word_1_137' title='bbox 558 1895 627 1943; x_wconf 86' lang='lat' dir='ltr'>exosa</span> <span class='ocrx_word' id='word_1_138' title='bbox 637 1893 734 1949; x_wconf 87' lang='lat' dir='ltr'>viriles,</span> 
     </span>
     <span class='ocr_line' id='line_1_22' title="bbox 207 1970 623 2039; baseline 0 -17"><span class='ocrx_word' id='word_1_139' title='bbox 207 1970 303 2022; x_wconf 90' lang='lat' dir='ltr'>Leniter</span> <span class='ocrx_word' id='word_1_140' title='bbox 313 1973 399 2022; x_wconf 87' lang='lat' dir='ltr'>acclivi</span> <span class='ocrx_word' id='word_1_141' title='bbox 408 1973 548 2023; x_wconf 86' lang='lat' dir='ltr'>constituere</span> <span class='ocrx_word' id='word_1_142' title='bbox 556 1977 623 2039; x_wconf 80' lang='lat' dir='ltr'>jugo.</span> 
     </span>
     <span class='ocr_line' id='line_1_23' title="bbox 175 2050 937 2137; baseline 0 -36"><span class='ocrx_word' id='word_1_143' title='bbox 175 2050 281 2101; x_wconf 85' lang='lat' dir='ltr'>Dedicat</span> <span class='ocrx_word' id='word_1_144' title='bbox 290 2052 341 2101; x_wconf 81' lang='lat' dir='ltr'>haec</span> <span class='ocrx_word' id='word_1_145' title='bbox 349 2054 434 2103; x_wconf 89' lang='lat' dir='ltr'>veteris</span> <span class='ocrx_word' id='word_1_146' title='bbox 447 2051 592 2102; x_wconf 84' lang='lat' dir='ltr'>Clausorum</span> <span class='ocrx_word' id='word_1_147' title='bbox 601 2051 706 2101; x_wconf 86' lang='lat' dir='ltr'>nominis</span> <span class='ocrx_word' id='word_1_148' title='bbox 716 2052 802 2114; x_wconf 86' lang='lat' dir='ltr'>heres,</span> <span class='ocrx_word' id='word_1_149' title='bbox 895 2073 937 2137; x_wconf 46' lang='grc' dir='ltr'>,ῖς</span> 
     </span>
     <span class='ocr_line' id='line_1_24' title="bbox 208 2126 718 2195; baseline -0.002 -16"><span class='ocrx_word' id='word_1_150' title='bbox 208 2130 324 2195; x_wconf 81' lang='lat' dir='ltr'>Virgineo</span> <span class='ocrx_word' id='word_1_151' title='bbox 338 2130 433 2179; x_wconf 90' lang='lat' dir='ltr'>nullum</span> <span class='ocrx_word' id='word_1_152' title='bbox 445 2146 544 2194; x_wconf 86' lang='lat' dir='ltr'>corpore</span> <span class='ocrx_word' id='word_1_153' title='bbox 555 2126 620 2194; x_wconf 73' lang='lat' dir='ltr'>palla</span> <span class='ocrx_word' id='word_1_154' title='bbox 629 2133 718 2180; x_wconf 81' lang='lat' dir='ltr'>virum.</span> 
     </span>
     <span class='ocr_line' id='line_1_25' title="bbox 175 2208 704 2265; baseline -0.002 -8"><span class='ocrx_word' id='word_1_155' title='bbox 175 2208 244 2258; x_wconf 85' lang='lat' dir='ltr'>Livia</span> <span class='ocrx_word' id='word_1_156' title='bbox 255 2208 355 2257; x_wconf 87' lang='lat' dir='ltr'>restituit</span> <span class='ocrx_word' id='word_1_157' title='bbox 367 2225 375 2265; x_wconf 78' lang='lat'>3</span> <span class='ocrx_word' id='word_1_158' title='bbox 388 2223 418 2256; x_wconf 86' lang='lat' dir='ltr'>ne</span> <span class='ocrx_word' id='word_1_159' title='bbox 429 2224 478 2256; x_wconf 89' lang='lat' dir='ltr'>non</span> <span class='ocrx_word' id='word_1_160' title='bbox 488 2210 582 2257; x_wconf 88' lang='lat' dir='ltr'>imitata</span> <span class='ocrx_word' id='word_1_161' title='bbox 589 2210 704 2262; x_wconf 83' lang='lat' dir='ltr'>maritum</span> 
     </span>
     <span class='ocr_line' id='line_1_26' title="bbox 208 2282 714 2349; baseline 0.002 -16"><span class='ocrx_word' id='word_1_162' title='bbox 208 2282 274 2333; x_wconf 81' lang='lat' dir='ltr'>Effet</span> <span class='ocrx_word' id='word_1_163' title='bbox 286 2319 294 2344; x_wconf 90' lang='lat'>,</span> <span class='ocrx_word' id='word_1_164' title='bbox 310 2288 335 2334; x_wconf 86' lang='lat'>&amp;</span> <span class='ocrx_word' id='word_1_165' title='bbox 346 2301 375 2332; x_wconf 86' lang='lat' dir='ltr'>ex</span> <span class='ocrx_word' id='word_1_166' title='bbox 385 2288 453 2333; x_wconf 89' lang='lat' dir='ltr'>omni</span> <span class='ocrx_word' id='word_1_167' title='bbox 463 2299 528 2349; x_wconf 84' lang='lat' dir='ltr'>parte</span> <span class='ocrx_word' id='word_1_168' title='bbox 537 2286 616 2333; x_wconf 86' lang='lat' dir='ltr'>secuta</span> <span class='ocrx_word' id='word_1_169' title='bbox 626 2287 714 2334; x_wconf 88' lang='lat' dir='ltr'>virum.</span> 
     </span>
     <span class='ocr_line' id='line_1_27' title="bbox 174 2360 856 2428; baseline 0.003 -17"><span class='ocrx_word' id='word_1_170' title='bbox 174 2361 322 2411; x_wconf 81' lang='lat' dir='ltr'>POSTERA</span> <span class='ocrx_word' id='word_1_171' title='bbox 340 2360 395 2411; x_wconf 82' lang='lat' dir='ltr'>crim</span> <span class='ocrx_word' id='word_1_172' title='bbox 407 2362 498 2427; x_wconf 71' lang='lat' dir='ltr'>ruseant</span> <span class='ocrx_word' id='word_1_173' title='bbox 508 2395 517 2420; x_wconf 94' lang='lat'><strong><em>,</em></strong></span> <span class='ocrx_word' id='word_1_174' title='bbox 529 2361 602 2427; x_wconf 85' lang='lat' dir='ltr'>pulsis</span> <span class='ocrx_word' id='word_1_175' title='bbox 619 2362 764 2428; x_wconf 84' lang='lat' dir='ltr'>Hyperionis</span> <span class='ocrx_word' id='word_1_176' title='bbox 776 2364 856 2426; x_wconf 86' lang='lat' dir='ltr'>astris,</span> 
     </span>
     <span class='ocr_line' id='line_1_28' title="bbox 206 2434 941 2509; baseline 0 -24"><span class='ocrx_word' id='word_1_177' title='bbox 206 2437 236 2486; x_wconf 92' lang='lat' dir='ltr'>ln</span> <span class='ocrx_word' id='word_1_178' title='bbox 253 2439 377 2487; x_wconf 85' lang='lat' dir='ltr'>matutinis</span> <span class='ocrx_word' id='word_1_179' title='bbox 388 2434 500 2501; x_wconf 84' lang='lat' dir='ltr'>lampada</span> <span class='ocrx_word' id='word_1_180' title='bbox 511 2436 669 2503; x_wconf 78' lang='lat' dir='ltr'>tollitequis3</span> <span class='ocrx_word' id='word_1_181' title='bbox 747 2477 750 2483; x_wconf 25' lang='lat' dir='ltr'><em>ff</em></span> <span class='ocrx_word' id='word_1_182' title='bbox 894 2468 941 2509; x_wconf 54' lang='lat'>153</span> 
     </span>
     <span class='ocr_line' id='line_1_29' title="bbox 173 2512 749 2581; baseline 0.005 -18"><span class='ocrx_word' id='word_1_183' title='bbox 173 2512 284 2581; x_wconf 79' lang='lat' dir='ltr'>frigidus</span> <span class='ocrx_word' id='word_1_184' title='bbox 292 2512 397 2579; x_wconf 77' lang='lat' dir='ltr'>Argestes</span> <span class='ocrx_word' id='word_1_185' title='bbox 409 2516 512 2563; x_wconf 87' lang='lat' dir='ltr'>summas</span> <span class='ocrx_word' id='word_1_186' title='bbox 523 2513 640 2563; x_wconf 83' lang='lat' dir='ltr'>mulcebit</span> <span class='ocrx_word' id='word_1_187' title='bbox 650 2515 729 2566; x_wconf 84' lang='lat' dir='ltr'>aristas</span> <span class='ocrx_word' id='word_1_188' title='bbox 741 2552 749 2577; x_wconf 94' lang='lat'>‚</span> 
     </span>
     <span class='ocr_line' id='line_1_30' title="bbox 207 2590 828 2659; baseline -0.003 -16"><span class='ocrx_word' id='word_1_189' title='bbox 207 2591 368 2657; x_wconf 85' lang='lat' dir='ltr'>Candidaque</span> <span class='ocrx_word' id='word_1_190' title='bbox 383 2609 397 2641; x_wconf 94' lang='lat' dir='ltr'>a</span> <span class='ocrx_word' id='word_1_191' title='bbox 414 2590 523 2643; x_wconf 87' lang='lat' dir='ltr'>Calabris</span> <span class='ocrx_word' id='word_1_192' title='bbox 535 2590 588 2642; x_wconf 87' lang='lat' dir='ltr'>vela</span> <span class='ocrx_word' id='word_1_193' title='bbox 597 2590 717 2642; x_wconf 87' lang='lat' dir='ltr'>dabuntur</span> <span class='ocrx_word' id='word_1_194' title='bbox 727 2597 803 2659; x_wconf 87' lang='lat' dir='ltr'>aquis.</span> <span class='ocrx_word' id='word_1_195' title='bbox 826 2637 828 2641; x_wconf 16' lang='grc' dir='ltr'><em>Α</em></span> 
     </span>
     <span class='ocr_line' id='line_1_31' title="bbox 174 2668 814 2733; baseline -0.002 -13"><span class='ocrx_word' id='word_1_196' title='bbox 174 2669 206 2721; x_wconf 84' lang='lat' dir='ltr'>At</span> <span class='ocrx_word' id='word_1_197' title='bbox 221 2668 295 2719; x_wconf 88' lang='lat' dir='ltr'>simul</span> <span class='ocrx_word' id='word_1_198' title='bbox 308 2668 428 2718; x_wconf 86' lang='lat' dir='ltr'>inducunt</span> <span class='ocrx_word' id='word_1_199' title='bbox 442 2670 542 2718; x_wconf 88' lang='lat' dir='ltr'>obscura</span> <span class='ocrx_word' id='word_1_200' title='bbox 552 2670 690 2733; x_wconf 84' lang='lat' dir='ltr'>crepuscula</span> <span class='ocrx_word' id='word_1_201' title='bbox 703 2673 814 2733; x_wconf 76' lang='lat' dir='ltr'>nollem,</span> 
     </span>
     <span class='ocr_line' id='line_1_32' title="bbox 206 2744 768 2815; baseline 0.005 -20"><span class='ocrx_word' id='word_1_202' title='bbox 206 2748 263 2795; x_wconf 85' lang='lat' dir='ltr'>Pars</span> <span class='ocrx_word' id='word_1_203' title='bbox 274 2745 389 2809; x_wconf 87' lang='lat' dir='ltr'>Hyadum</span> <span class='ocrx_word' id='word_1_204' title='bbox 400 2761 453 2795; x_wconf 86' lang='lat' dir='ltr'>toto</span> <span class='ocrx_word' id='word_1_205' title='bbox 466 2744 494 2795; x_wconf 89' lang='lat' dir='ltr'>de</span> <span class='ocrx_word' id='word_1_206' title='bbox 505 2762 575 2811; x_wconf 77' lang='lat' dir='ltr'>grege</span> <span class='ocrx_word' id='word_1_207' title='bbox 588 2747 655 2796; x_wconf 86' lang='lat' dir='ltr'>nulla</span> <span class='ocrx_word' id='word_1_208' title='bbox 670 2748 738 2815; x_wconf 82' lang='lat' dir='ltr'>latet.</span> <span class='ocrx_word' id='word_1_209' title='bbox 765 2745 768 2749; x_wconf 71' lang='grc'><strong>’</strong></span> 
     </span>
     <span class='ocr_line' id='line_1_33' title="bbox 174 2813 936 2909; baseline 0.003 -36"><span class='ocrx_word' id='word_1_210' title='bbox 174 2824 224 2879; x_wconf 83' lang='lat' dir='ltr'>Ora</span> <span class='ocrx_word' id='word_1_211' title='bbox 241 2826 333 2874; x_wconf 87' lang='lat' dir='ltr'>micant</span> <span class='ocrx_word' id='word_1_212' title='bbox 344 2824 418 2875; x_wconf 89' lang='lat' dir='ltr'>Tauri</span> <span class='ocrx_word' id='word_1_213' title='bbox 424 2813 516 2888; x_wconf 37' lang='lat' dir='ltr'>&#39;septem</span> <span class='ocrx_word' id='word_1_214' title='bbox 527 2820 644 2873; x_wconf 87' lang='lat' dir='ltr'>radiantia</span> <span class='ocrx_word' id='word_1_215' title='bbox 653 2823 775 2888; x_wconf 84' lang='lat' dir='ltr'>flammis,</span> <span class='ocrx_word' id='word_1_216' title='bbox 893 2854 936 2909; x_wconf 79' lang='lat'>165</span> 
     </span>
     <span class='ocr_line' id='line_1_34' title="bbox 206 2900 791 2967; baseline 0.003 -16"><span class='ocrx_word' id='word_1_217' title='bbox 206 2901 298 2951; x_wconf 81' lang='lat' dir='ltr'>Navita</span> <span class='ocrx_word' id='word_1_218' title='bbox 309 2918 367 2967; x_wconf 84' lang='lat' dir='ltr'>quas</span> <span class='ocrx_word' id='word_1_219' title='bbox 380 2900 476 2965; x_wconf 88' lang='lat' dir='ltr'>Hyadas</span> <span class='ocrx_word' id='word_1_220' title='bbox 487 2902 572 2966; x_wconf 86' lang='lat' dir='ltr'>Grajus</span> <span class='ocrx_word' id='word_1_221' title='bbox 584 2902 614 2950; x_wconf 88' lang='lat' dir='ltr'>ab</span> <span class='ocrx_word' id='word_1_222' title='bbox 624 2904 701 2952; x_wconf 86' lang='lat' dir='ltr'>imbre</span> <span class='ocrx_word' id='word_1_223' title='bbox 711 2921 791 2955; x_wconf 88' lang='lat' dir='ltr'>vocat.</span> 
     </span>
     <span class='ocr_line' id='line_1_35' title="bbox 172 2976 822 3046; baseline 0.005 -17"><span class='ocrx_word' id='word_1_224' title='bbox 172 2979 230 3029; x_wconf 84' lang='lat' dir='ltr'>Pars</span> <span class='ocrx_word' id='word_1_225' title='bbox 247 2980 370 3031; x_wconf 85' lang='lat' dir='ltr'>Bacchum</span> <span class='ocrx_word' id='word_1_226' title='bbox 381 2976 480 3030; x_wconf 80' lang='lat' dir='ltr'>nutrilse</span> <span class='ocrx_word' id='word_1_227' title='bbox 488 2992 575 3045; x_wconf 74' lang='lat' dir='ltr'>putant</span> <span class='ocrx_word' id='word_1_228' title='bbox 587 2997 593 3028; x_wconf 79' lang='lat' dir='ltr'><strong><em>z</em></strong></span> <span class='ocrx_word' id='word_1_229' title='bbox 605 2996 658 3046; x_wconf 80' lang='lat' dir='ltr'>pars</span> <span class='ocrx_word' id='word_1_230' title='bbox 666 2978 822 3033; x_wconf 80' lang='lat' dir='ltr'>crediditeffe</span> 
     </span>
     <span class='ocr_line' id='line_1_36' title="bbox 210 3058 781 3117; baseline 0.009 -7"><span class='ocrx_word' id='word_1_231' title='bbox 210 3059 281 3116; x_wconf 81' lang='lat' dir='ltr'>Tum.</span> <span class='ocrx_word' id='word_1_232' title='bbox 295 3058 347 3117; x_wconf 82' lang='grc' dir='ltr'><em>ΙΙΙ.</em></span> <span class='ocrx_word' id='word_1_233' title='bbox 663 3058 667 3065; x_wconf 63' lang='grc'>’</span> <span class='ocrx_word' id='word_1_234' title='bbox 761 3064 781 3115; x_wconf 72' lang='grc' dir='ltr'>Ρ</span> 
     </span>
    </p>
   </div>
   <div class='ocr_carea' id='block_1_3' title="bbox 0 0 1172 3917">
    <p class='ocr_par' dir='ltr' id='par_1_3' title="bbox 0 0 1172 3917">
     <span class='ocr_line' id='line_1_37' title="bbox 0 0 1172 3917; baseline 0 1"><span class='ocrx_word' id='word_1_235' title='bbox 0 0 1172 3917; x_wconf 95' lang='lat' dir='ltr'> </span> 
     </span>
    </p>
   </div>
  </div>
 </body>
</html>
