2334 3917
265 449 405 516 Errsr.
434 461 491 512 rex
515 443 667 510 Poturo
695 442 733 511 L.
768 444 799 511 I.
834 467 923 532 299¹

197 617 200 622 ,
216 571 297 619 ‚Stabit
309 574 333 620 bt
344 574 370 620 itt
381 569 503 617 stomacho
514 564 608 632 pondus
619 569 694 614 inerte
706 563 756 613 diu.

187 643 245 696 iiaec
256 666 300 713 ego
311 666 360 697 uon
372 650 466 706 ausim,
482 646 537 694 crim
553 649 600 693 tint
615 647 750 703 verissima,
766 646 839 694 cuivis
922 656 948 705 15

220 727 343 783 Scribere3
356 724 453 774 delicias
472 741 501 773 ne
518 722 582 772 mala
599 723 677 772 nostra
696 739 790 771 vocent.

186 801 283 850 Scilicet
293 805 312 850 is
323 803 394 851 status
405 793 457 861 est,
476 820 502 852 ea
519 817 598 850 rerum
616 799 693 848 forma
708 817 832 860 mearum,
872 865 874 869 Ι
916 869 918 872 .

218 879 318 929 Deliciis
329 884 401 930 etiam
412 882 486 945 possit
497 896 523 928 ut
534 877 579 927 else
592 879 675 927 locus?
783 876 789 882 ’

184 956 289 1007 Delicias
300 958 337 1007 illi
346 975 430 1024 precor
440 961 481 1007 has
493 960 631 1022 contingere
643 992 651 1016 ‚
661 959 679 1004 si
692 957 761 1021 quis,

158 1028 162 1034 ’
218 1035 714 1097 NemihisitleviorCaesarisira,timet.
919 1047 948 1078 ao

185 1111 208 1160 ls
218 1130 331 1179 quoque,
343 1118 384 1180 qui
395 1115 477 1179 gracili
489 1115 555 1162 cibus
565 1115 598 1162 est
609 1118 634 1161 in
649 1129 767 1178 corpote,
784 1112 897 1169 somnus,

217 1191 275 1239 Non
286 1190 328 1240 alit
338 1191 420 1240 officio
432 1209 517 1256 corpus
528 1197 597 1240 inane
609 1193 660 1240 suo.

184 1267 231 1318 sed
241 1270 333 1334 vigilo,
344 1270 491 1336 vigilantque
501 1272 550 1319 mel
561 1274 610 1320 sirie
621 1269 668 1318 fine
679 1266 790 1326 dolores,

218 1347 326 1408 Quorum
344 1353 467 1398 materiam
483 1348 524 1398 dat
538 1350 604 1397 locut
620 1350 672 1414 lpse
683 1350 752 1398 mihi.

182 1423 230 1474 Vix
240 1428 312 1490 igitur
323 1429 396 1491 possis
405 1428 467 1475 visos
478 1429 604 1492 agnoscere
613 1427 693 1476 vultus
703 1447 708 1476 :
916 1445 943 1491 25

215 1503 319 1570 Qudque
329 1509 398 1564 ierit,
414 1523 521 1571 quaeras,
534 1509 575 1570 qui
588 1505 713 1564 irritante,
726 1504 802 1554 color.

182 1579 270 1630 Parvus
284 1585 309 1630 in
325 1582 396 1631 exiles
412 1585 492 1632 succus
507 1586 567 1631 mibi
578 1586 686 1648 pervenit
696 1598 758 1632 artus
766 1617 775 1644 ,

214 1658 372 1726 Membraque
389 1663 443 1709 sunt
459 1662 512 1711 ceri
529 1659 656 1726 pallidiora
672 1662 744 1710 trous.

180 1734 238 1785 Nou
253 1740 303 1787 bac
317 1738 451 1789 immodico
466 1743 574 1790 contrari
587 1738 675 1789 damna
688 1740 759 1802 Lyaeo
773 1759 779 1786 t

136 1807 138 1811 ¹
212 1817 261 1864 Scis
279 1819 339 1865 mihi
356 1817 430 1882 quim
448 1819 504 1867 solae
521 1835 587 1883 paeue
603 1820 714 1868 bibantur
730 1835 811 1884 aquae:
913 1841 941 1884 30

174 1890 237 1942 Non
247 1896 322 1960 epulis
333 1914 420 1946 oneror
432 1931 440 1956 ‚
453 1915 552 1964 quarum
565 1901 584 1946 si
596 1912 677 1964 tangar
688 1915 781 1952 amore,

212 1973 252 2021 Est
273 1990 352 2024 tamen
370 1979 395 2024 in
414 1978 504 2027 Geticis
519 1982 589 2042 copia
604 1978 670 2027 nulla
682 1977 750 2028 locis.

178 2047 230 2098 Nec
246 2055 306 2102 vires
321 2052 407 2103 adimit
423 2055 520 2105 Veneris
536 2056 651 2108 damnosa
665 2057 775 2124 voluptas
792 2079 798 2108 ι

211 2127 268 2177 Non
279 2131 340 2181 solet
350 2135 375 2182 in
385 2135 476 2184 maestos
487 2136 531 2185 illa
540 2141 621 2188 venire
632 2152 706 2188 toros.

177 2204 250 2255 Unda
261 2208 374 2276 locusque
384 2230 472 2263 nocent
484 2233 491 2265 e
504 2220 528 2265 &
540 2219 608 2266 causa
618 2217 737 2268 valentior
747 2219 810 2278 istis,
911 2241 942 2285 35.

210 2284 320 2334 Anxietas
333 2293 424 2350 animi,
439 2308 491 2357 quae
503 2297 562 2343 mihi
574 2297 665 2360 semper
678 2295 750 2347 adest.

133 2416 139 2426 ·
176 2356 246 2406 Hauc
262 2363 306 2408 nisi
323 2377 349 2410 tu
360 2370 446 2427 pariter
456 2371 528 2418 simili
538 2387 595 2420 cum
605 2372 676 2422 fratre
687 2375 791 2434 levares,

211 2434 257 2482 Vix
272 2454 339 2486 meris
354 2443 452 2492 trilliriae
464 2448 543 2497 masta
558 2447 647 2500 tulisset
660 2468 729 2503 onus.

174 2512 227 2562 Vos
238 2513 290 2563 estis
301 2516 381 2582 fragili
392 2521 462 2569 tellus
471 2537 521 2572 nou
533 2523 592 2575 dura
602 2529 698 2592 phaselo
710 2550 716 2580 ε

205 2590 335 2659 Quamque
346 2612 434 2662 negant
445 2601 533 2663 multi,
544 2621 588 2653 vos
599 2609 659 2656 mihi
670 2609 751 2670 fertis,
764 2629 844 2676 opem.
906 2625 938 2666 4ο

172 2668 256 2731 ferte,
267 2687 366 2737 precor,
379 2677 485 2742 semper,
496 2684 552 2745 quia
560 2684 652 2750 semper
662 2688 783 2752 egebimus
793 2690 849 2748 illa3

206 2746 306 2798 Calatis
321 2750 440 2802 offensum
457 2754 516 2806 dum
532 2763 593 2810 mibi
608 2778 698 2814 numen
712 2768 765 2821 erit.

172 2823 221 2885 Qui
231 2830 341 2877 meritam
352 2832 422 2880 nobis
433 2837 541 2897 minuat,
554 2856 605 2890 nou
618 2840 699 2904 finiat,
714 2847 790 2905 itam,

175 2900 177 2905 ⁴
199 2903 440 2972 Supplicitertestros
451 2919 551 2983 quisque
561 2935 644 2987 rogate
655 2921 729 2972 Deos·
791 2938 793 2944 ·

424 3028 428 3034 ⁷
470 3077 591 3162 m

707 3235 732 3287 N
751 3237 775 3306 vj
