2334 3917
284 365 426 433 Emer.
447 379 507 465 ‚tx
530 362 685 433 Pouro
707 364 745 434 1„
761 367 811 434 114
832 390 897 455 309

217 486 293 537 Gutta
308 504 350 553 per
364 487 477 535 attonitas
494 480 546 533 ibat
560 484 646 534 oborta
661 501 742 549 genas.
920 495 952 538 9⁰

186 562 244 613 Haec
262 567 335 629 igitur
350 564 472 621 reserens;
490 566 515 611 ὃ(
528 560 596 627 quod
614 579 667 611 mea
683 567 784 615 crimina
795 566 866 629 primi

220 642 312 691 Erroris
331 640 401 691 venii
418 638 483 705 posse
501 639 574 689 latere
590 638 676 697 videt3
710 633 712 638 ’

188 718 292 783 Respicis
310 722 437 783 antiquum
455 718 525 782 lapsis
542 720 568 765 in
584 718 653 766 rebus
671 720 793 780 amicum,

222 798 391 860 Fomentisque
408 799 475 860 juvas
491 794 591 844 vulnera
604 794 683 843 nostra
693 797 747 843 tuis.

190 874 237 922 Pro
248 874 334 938 quibus
346 870 446 937 optandi
461 874 481 923 si
497 873 566 935 nubis
577 875 647 935 copia
658 870 712 925 siat,
922 870 950 920 ⁹5

223 950 287 999 Tam
298 951 357 999 bene
367 952 499 1013 promerito
509 947 641 999 commoda
651 949 719 999 mille
728 964 818 1013 precer.
973 952 977 958 '

159 1076 163 1080 .
191 1025 237 1095 Sed
249 1030 267 1075 ei
279 1027 329 1076 sola
340 1025 496 1077 mihi'deutur
514 1040 555 1076 tua
569 1041 644 1084 votet
656 1028 787 1091 precabor,

224 1104 260 1155 Ut
277 1107 321 1154 tibi
337 1108 388 1165 tit,
405 1106 471 1155 salvo
488 1103 582 1155 cesare
595 1138 605 1163 ‚
620 1104 685 1154 salva
700 1120 792 1168 pareus.
821 1123 823 1127 ·

193 1182 251 1233 Haec
272 1199 337 1245 ego,
357 1180 413 1230 crim
427 1181 515 1231 faceret
531 1182 615 1231 altaria
635 1184 822 1246 pinguiarure,
845 1201 851 1211 .

226 1262 263 1312 Te
279 1260 378 1308 solitum
392 1264 492 1309 memini
507 1263 585 1325 prima
597 1275 680 1323 rogare
691 1260 766 1308 Deos.
910 1270 921 1306 1
942 1273 957 1303 ο

210 1412 888 1493 3=====Qfflfflffi===aew

325 1558 787 1623 Eprsrouuru

395 1697 695 1771 'ATTIcu

197 1798 266 1919 ,Α
276 1883 290 1917 c
300 1883 314 1917 c
324 1882 375 1915 rur
393 1864 544 1933 colloqqum
561 1864 642 1932 gelido
659 1866 762 1917 Nasonis
778 1870 807 1917 ab
824 1869 901 1928 Istro,

230 1947 326 2006 Attice,
342 1942 434 2011 judicio
448 1960 498 1993 nou
508 1942 640 1994 dubitande
650 1961 715 1993 meo.

197 2024 292 2091 Ecquid
304 2022 382 2074 adhuc
396 2040 503 2072 remanes
516 2040 610 2072 memor
624 2022 728 2072 infelicis
744 2030 829 2076 amici?
905 2027 909 2036 “

232 2102 326 2151 Deserit
343 2118 375 2152 arr
392 2117 469 2167 partes
484 2100 596 2166 languida
615 2116 671 2150 cura
686 2104 755 2153 suas?

199 2178 258 2229 Non
269 2182 302 2228 ita
313 2178 347 2228 Di
358 2180 431 2228 trister
441 2182 502 2229 mihi
512 2182 582 2241 sunt,
597 2195 623 2229 ut
640 2178 734 2229 credere
752 2185 856 2245 possim,
932 2204 942 2252 5

231 2256 324 2319 Fasque
339 2272 421 2319 putem
440 2262 490 2321 iam
509 2272 531 2305 te
549 2274 600 2305 non
616 2255 750 2306 meminisse
765 2263 821 2307 mei.

201 2330 264 2379 Ante
280 2348 346 2378 meos
363 2332 446 2380 oculos
464 2347 504 2380 tua
521 2333 582 2391 siat,
602 2349 642 2382 rua
654 2337 744 2399 semper
754 2338 836 2399 imago
849 2336 897 2390 ests

236 2408 268 2467 Et
284 2405 368 2461 videor
382 2408 462 2457 vultus
479 2423 559 2455 mente
576 2408 665 2457 videre
678 2426 740 2458 tuor.

201 2486 267 2537 Seria
284 2482 360 2532 multa
379 2486 438 2531 mihi
455 2498 534 2533 tecum
552 2485 640 2534 collata
659 2485 794 2538 recordorr
951 2539 954 2546 ,
1026 2543 1028 2548 ,

238 2562 288 2611 Nec
300 2559 475 2627 datajucundis
489 2576 597 2627 tempora
612 2578 687 2627 pauca
701 2568 770 2630 j0cis.
911 2571 965 2608 -10
997 2607 999 2610 .

202 2642 268 2706 Saepe
289 2643 342 2688 citae
363 2640 440 2702 longis
456 2640 511 2688 visae
529 2641 677 2687 sermonibus
693 2644 779 2691 horaet

237 2720 301 2780 Saepe
320 2716 366 2764 fuit
382 2718 496 2773 brevior,
516 2716 591 2779 quim
610 2733 663 2764 mea
678 2721 771 2778 verba,
788 2719 848 2770 diet.

203 2798 268 2861 Saepe
279 2809 330 2844 tuat
342 2794 430 2843 fusium
440 2794 507 2843 vtnit
518 2790 594 2843 modi
604 2809 701 2844 carmen
712 2794 743 2844 ad
753 2813 835 2857 aures;

167 2890 173 2902 s'
236 2876 267 2923 Et
277 2890 340 2923 nova
349 2870 442 2941 judicio¹
451 2868 545 2921 subdita
554 2871 625 2921 Musa
635 2885 678 2921 tuo
693 2873 733 2921 est.

204 2951 279 3013 Quod
297 2966 322 3001 tu
337 2949 464 3009 laudatae,
488 2948 579 3016 populo
600 2948 713 3015 placuiffe
732 2955 843 3016 putabam
864 2978 870 3006 t
934 2956 959 3003 ¹5

238 3030 291 3081 Hoc
306 3032 409 3097 preu'um
426 3044 487 3079 curae
501 3026 571 3083 dulce
589 3032 688 3077 recentis
705 3046 762 3084 erat.
