2334 3917
256 361 322 426 228
349 355 392 428 P.
409 361 533 430 Ouio.
547 361 650 432 NAS.
671 366 808 434 ansr.
826 362 940 436 um,

291 478 318 525 ln
327 476 410 540 populi
421 475 554 543 quidquam
569 483 588 527 si
604 493 684 530 tamen
695 498 736 530 ote
747 485 794 532 mei
807 482 848 530 est.

208 557 235 608 ²5
256 552 307 601 Hoc
323 569 419 619 quoque
436 557 517 604 nescio
527 556 587 622 quid
596 559 679 606 noiitis
689 575 782 624 appone
798 559 905 618 libellis,

285 629 386 680 Diverso
395 630 493 682 millum
504 634 571 700 quod
581 639 624 684 tibi
633 637 662 686 ab
672 638 729 686 orbe
740 640 814 688 venit.

253 707 326 768 Quod
342 712 489 777 quicumque
499 713 562 777 leget
574 747 582 772 ,
594 717 614 762 ti
630 718 682 779 quis
697 713 776 779 leget,
788 714 887 763 aestimet
899 727 961 774 ante,

285 785 458 852 Compositurn
471 807 520 854 quo
533 795 563 840 sit
574 807 696 855 tempore,
708 807 804 856 quoque
818 791 884 840 loco.

253 862 281 913 A?
284 880 344 929 quus
356 869 401 914 etit
411 868 516 930 scriptis,
530 883 633 932 quotum
649 871 788 932 cognoverit
798 863 844 916 else

206 946 237 990 30
285 941 400 990 Exsilium
410 946 502 1008 tenipus
510 979 519 1004 ,
528 945 707 1010 barbariemque
717 945 808 994 locum.

252 1019 326 1085 Inque
335 1035 372 1069 tot
384 1017 486 1069 advertit
496 1038 592 1070 carmen
603 1023 728 1071 mirabitur
739 1023 817 1072 ullum

286 1097 379 1146 Ducere
390 1114 429 1145 me
440 1097 498 1146 tristi
506 1094 636 1147 sustinuille
647 1115 728 1148 manu.

252 1174 377 1240 Ingenium
391 1175 481 1241 fregere
492 1193 574 1226 meum
584 1177 665 1224 mala:
679 1181 745 1243 cujus
761 1181 784 1226 u
801 1189 855 1228 ante

284 1254 346 1302 Fons
358 1252 514 1312 infecundus,
526 1269 645 1320 parvaque
655 1271 714 1303 vena
725 1255 780 1303 fuit.

205 1346 232 1390 35
252 1328 298 1380 Sed
307 1345 462 1396 quecumque
475 1331 536 1391 fuit,
547 1332 617 1380 nullo
626 1348 763 1392 exercente,
775 1331 881 1397 refugit,

283 1407 314 1458 Et
324 1409 399 1474 longo
411 1413 482 1474 petiit
491 1408 557 1459 arida
566 1410 628 1458 facia
638 1413 693 1459 situ.

251 1485 309 1536 Non
319 1490 359 1537 bic
373 1488 490 1537 librorum
502 1522 510 1548 ,
522 1503 631 1554 perquer
639 1491 726 1538 invitet
735 1487 848 1553 alatque,

253 1620 256 1626 ,
284 1563 430 1630 Copiarpro
443 1566 509 1614 librir
519 1582 587 1616 arcui
600 1569 624 1614 δι
635 1581 700 1616 arma
715 1567 808 1614 sonant.

252 1640 339 1691 Nullus
348 1646 375 1692 in
388 1646 432 1692 bac
444 1643 522 1703 terri,
534 1647 632 1692 recitem
650 1646 669 1691 si
677 1646 796 1697 carmina,
808 1637 885 1708 cujm'

120 1781 125 1793 ι
203 1731 236 1775 4ο
284 1718 438 1770 Intelledutis
455 1723 549 1771 autibus
564 1735 633 1779 utar,
652 1718 724 1769 adest.

253 1795 304 1845 Nec
311 1831 320 1857 ‚
333 1797 384 1864 qub
398 1796 505 1848 secedam
518 1834 526 1859 ‚
538 1798 646 1848 locueest
657 1816 663 1847 e
675 1795 780 1846 custodia
788 1799 852 1846 muri

281 1875 414 1925 submovet
423 1875 520 1926 infestos
530 1911 548 1935 ‚,
555 1876 679 1940 clausaque
690 1890 775 1940 porta,
794 1876 881 1924 Gerasi

252 1950 334 2017 (Saepe
342 1950 441 2018 aliquod
451 1953 550 2001 verbum
557 1967 648 2018 quieto,
660 1967 805 2016 nomenque,
814 1950 962 2018 locuinques

282 2029 334 2078 Nec
344 2033 470 2095 quisquam
481 2029 528 2087 est,
538 2046 552 2078 a
561 2046 611 2093 quo
621 2032 707 2077 certior
718 2025 764 2076 effe
774 2029 888 2094 queam..)

200 2122 230 2168 45
250 2105 335 2156 Dicere
347 2108 406 2171 sepe
421 2103 514 2171 aliquid
525 2109 638 2164 conanti,
658 2121 725 2171 turpe
742 2106 825 2164 fateri,

282 2185 361 2235 Verba
371 2186 431 2233 mihi
443 2182 544 2242 desunt3
564 2181 718 2249 dedidicique
729 2183 806 2247 loqui.
816 2221 819 2226 ⁴

250 2262 365 2311 Threicio
382 2263 544 2325 Scythicoque
555 2258 603 2308 feti
615 2262 779 2310 circumsonor
788 2277 829 2308 ore
836 2278 846 2307 r-

281 2339 311 2388 Et
322 2336 405 2390 videor
415 2339 505 2390 Geticis
516 2338 615 2386 scribere
626 2334 692 2402 polle
703 2335 790 2386 modis.
882 2365 886 2370 =

248 2415 328 2468 Crede
339 2419 416 2466 mibi:
428 2419 503 2465 timeo
515 2431 546 2466 ne
556 2416 603 2464 sint
614 2417 724 2463 immixta
735 2414 838 2468 Latinit,

204 2509 233 2555 50
282 2499 357 2566 lnque
368 2500 426 2546 meis
436 2497 527 2562 scriptis
541 2496 640 2544 Pontica
651 2494 723 2543 verba
735 2493 807 2557 legat.

250 2575 456 2640 Qualemcumque
467 2576 540 2638 igitur
554 2572 625 2622 venii
636 2569 733 2634 dignare
745 2569 857 2620 libellum
871 2588 878 2618 r

281 2658 354 2705 bottis
366 2659 389 2706 bc
405 2656 488 2706 excusa
499 2650 638 2704 conditione
648 2663 716 2700 mee.

520 2879 687 2960 &ow
