2334 3917
283 403 330 485 781
405 372 447 465 P.
483 399 638 467 Ournr'r
664 404 860 481 Nasonis

282 518 387 571 IDIBUS
398 521 431 570 est
440 522 513 571 rlnnae
525 521 610 571 festum
626 523 719 587 geniale
730 524 858 587 Perennae,

315 596 385 647 Haud
403 598 488 664 procul
499 616 513 647 a
524 602 580 665 ripIs
591 634 599 659 ,
611 599 703 653 advena
710 603 794 669 Tibri,
810 608 865 655 ruis.

240 676 355 739 525Plebs
366 680 445 731 venir,
464 694 491 727 ac
506 674 594 727 virides
606 682 691 743 passim
703 678 800 747 disjella
810 699 852 747 per
866 683 952 739 herbae

316 757 387 807 Potae
399 774 406 815 3
429 760 453 805 δι
471 758 592 827 accumbit
603 774 658 807 cum
669 776 724 823 pare
735 764 835 827 quisque
846 761 895 812 sual.

284 836 332 886 Sub
342 836 401 887 love
412 852 463 902 pars
472 832 542 885 durat
551 855 556 883 ι
565 838 634 903 pauci
646 841 748 887 tentoria
756 856 851 903 ponunt
857 858 867 903 5
929 837 932 844 ’

318 916 378 963 Sunt
390 948 398 971 ,
418 915 503 979 quibus
521 931 533 961 e
545 931 612 963 ramo
624 914 725 964 frondea
736 917 796 966 fasta
808 920 859 967 casn
869 919 910 969 est.

285 992 342 1042 Pars
358 993 392 1041 ibi
402 1008 446 1057 pro
457 990 539 1056 rigidis
550 992 655 1042 calamos
667 994 765 1044 statuite
777 996 896 1045 columnis
908 1030 917 1057 ,

240 1096 285 1143 5³0
318 1070 425 1135 Desuper
439 1084 544 1119 extentas
559 1072 694 1135 imposuere
711 1089 788 1138 togas.

287 1148 342 1199 Sole
354 1164 434 1197 tamen
447 1151 551 1214 vinoque
563 1147 655 1198 calent:
663 1166 784 1217 annosque
795 1167 939 1217 precantur,

320 1228 387 1287 Quor
396 1227 490 1291 sumant
500 1229 599 1289 cyathos
608 1245 616 1288 3
630 1226 661 1277 ad
672 1246 845 1296 numerumque
856 1232 953 1280 bibunt.

287 1304 396 1361 Invenies
409 1304 477 1375 illie,
488 1307 528 1370 qui
541 1302 646 1352 Nestoris
657 1307 737 1353 ebibat
747 1323 821 1355 annos
834 1341 842 1367 ,

321 1384 380 1443 Quae
398 1387 429 1431 sit
445 1399 486 1447 per
498 1382 582 1431 calices
593 1382 653 1431 fasta
664 1383 755 1445 Sibylla
765 1387 827 1433 suos.

244 1460 342 1519 535lllic
356 1464 381 1509 δε
392 1476 503 1514 cantant,
514 1458 633 1526 quidquid
641 1458 745 1509 didicere
757 1465 874 1521 theatrir3

322 1538 353 1587 Er
367 1541 455 1603 Jallant
471 1538 552 1587 faciles
568 1535 599 1587 ad
609 1539 649 1586 sua
661 1543 734 1601 verpa
744 1558 846 1601 manum

289 1616 321 1666 Er
335 1613 426 1665 ducunt
437 1618 516 1681 posito
527 1615 597 1667 duras
608 1633 696 1667 cratere
708 1621 824 1679 choreas,
883 1624 891 1631 “

323 1694 449 1760 Multaque
464 1693 555 1745 diffusis
566 1696 635 1745 saltat
646 1700 722 1745 amica
732 1699 817 1747 comis.

291 1772 357 1825 Cum
374 1771 491 1833 redeunt,
504 1775 608 1823 titubant
620 1809 629 1832 ‚
641 1778 665 1824 δι
673 1776 728 1823 ssrnr
737 1774 869 1841 [pestacula
878 1774 972 1841 vulpem

246 1862 292 1907 540
324 1851 356 1901 Et
371 1851 505 1902 fortunatos
516 1854 588 1902 obvia
601 1853 669 1902 turba
678 1868 777 1903 vocant.

292 1932 392 1984 Occurri
402 1949 476 1996 nuper
488 1951 494 1979 e
509 1932 558 1981 visa
569 1932 602 1981 ell
610 1933 670 1981 mihi
681 1930 754 1996 digna
765 1931 841 1981 relarn

325 2009 416 2074 Pompa
429 2028 435 2057 s
448 2011 527 2059 senem
539 2025 624 2075 potum
636 2026 694 2075 pora
705 2012 812 2060 trahebat
821 2026 888 2060 anus.
916 2050 919 2053 .

293 2087 352 2148 Quae
368 2103 447 2137 tamen
459 2090 508 2137 haee
521 2088 570 2137 Dea
581 2093 631 2139 rit-i
643 2094 758 2155 quoniam
768 2092 902 2141 rumoribus
910 2104 1006 2153 errant,

317 2165 415 2219 Fabula
426 2170 550 2232 proposito
560 2166 627 2217 nulla
636 2166 735 2220 tacenda
745 2185 811 2223 men,
831 2216 835 2221 ,
930 2159 932 2170 ’

247 2244 386 2303 §qrrlrserat
400 2244 481 2294 AEneae
497 2244 563 2293 Diclo
574 2246 713 2295 miserabilis
726 2248 781 2310 igne
794 2264 802 2306 3

327 2323 419 2373 Arserat
433 2324 550 2373 exstruffls
566 2326 592 2372 in
602 2326 643 2371 lua
655 2323 704 2373 fara
712 2328 784 2389 rogis.

295 2400 498 2469 compositusque
510 2405 569 2451 cinis
580 2438 589 2463 ,
601 2402 736 2467 tumulique
746 2405 771 2451 in
784 2417 902 2450 marmore
910 2417 1009 2453 carmen

327 2480 381 2531 lloc
392 2481 462 2531 breve
474 2516 482 2540 ‚
493 2478 560 2547 quod
571 2483 676 2531 moriens
687 2482 736 2544 ipsa
746 2480 860 2545 reliquit,
873 2496 945 2539 erare

296 2559 398 2612 Praebuir
409 2557 494 2608 AEneas
507 2562 531 2607 δι
543 2560 637 2607 cansam
649 2562 733 2607 mortis
745 2558 861 2607 &ensem
873 2574 881 2617 3

250 2651 295 2695 550
328 2639 381 2704 lpse
395 2636 436 2685 sul
447 2634 513 2686 Dido
528 2634 636 2686 concidit
644 2638 686 2685 usa
696 2653 777 2685 manu.

295 2716 406 2765 Protinus
420 2714 537 2767 invadunt
546 2712 659 2763 Numidae
670 2718 720 2764 sine
731 2712 826 2764 vindice
837 2729 954 2779 regnum

328 2794 359 2843 Er
368 2796 458 2858 potitur
469 2793 539 2858 capti
550 2794 648 2843 Maurus
659 2793 727 2841 larba
737 2791 822 2841 domo.

297 2874 372 2937 Seque
380 2889 472 2937 memor
477 2874 593 2937 spretum,
601 2872 723 2921 Thalamis
731 2886 821 2931 tamen,
832 2872 922 2936 inquit,
931 2869 1013 2923 Elusa

329 2950 366 2999 En
383 2967 444 3015 ego,
465 2968 536 3017 quem
548 2954 619 3001 toties
630 2950 718 3016 repulit
728 2949 788 3010 illa,
802 2949 878 2999 fruor.

252 3027 436 3093 555Diffugiunr
452 3029 533 3091 Tyrii,
546 3028 596 3094 qun
604 3044 723 3095 quemque
733 3032 783 3093 agir
793 3045 858 3079 error
869 3046 876 3080 s
887 3043 914 3081 ut
923 3027 989 3082 olim

314 3102 317 3111 '
332 3103 423 3157 limilln
438 3105 516 3160 dubie
527 3122 581 3173 rege
592 3122 708 3174 ungentur
719 3124 785 3173 apes.
