2334 3917
91 2464 93 2469 '
184 2453 227 2503 Me
240 2453 340 2517 vigilans
351 2468 431 2501 cernes
443 2470 449 2499 r
461 2454 539 2502 tacitis
550 2467 595 2516 ego
605 2455 680 2501 nostis
689 2456 716 2501 in
726 2453 817 2502 umbris

113 2572 121 2582 ,
218 2529 343 2579 Excutiam
356 2529 469 2589 somnos,
485 2531 547 2579 visus
564 2526 656 2590 adisse,
671 2545 733 2580 tuos.

440 392 612 483 1315.

201 510 279 561 finiet
289 508 332 560 illa
346 509 413 572 dies,
424 514 478 579 qute'
488 514 547 561 milri
558 510 625 561 tarda
635 511 711 562 venit.

167 590 198 639 Et
209 590 273 655 priris
284 593 344 641 hanc
355 592 477 650 animam,
488 588 591 639 nimium
603 593 647 639 tibi
655 592 715 655 saepe
725 589 843 654 petitam,

203 668 301 717 Auferet
311 668 353 717 iila
365 666 414 717 dies
424 703 432 727 ,
444 684 496 733 quae
507 670 567 716 mihi
578 669 629 715 sera
639 670 720 726 venit3

170 744 253 806 Quam
264 744 336 795 dolor
348 747 387 793 hic
398 760 513 810 umquam
524 744 601 809 spatio
608 745 744 793 evanescere
754 746 845 809 possit,

204 821 289 870 Leniat
299 834 341 870 aut
350 818 434 869 odium
445 835 537 883 tempus
549 822 573 867 bt
585 821 644 867 hora
654 834 745 867 meum.

172 898 317 964 Pugnabunt
325 897 409 963 jaculis
417 895 478 945 ‘dum
490 898 609 956 Thraces,
621 897 716 960 lazyges
726 910 802 950 arcu,
891 922 933 969 1³5

205 976 272 1025 Dum
284 973 377 1041 tepidus
388 976 500 1040 Ganges,
513 973 614 1040 frigidus
624 975 681 1025 ister
693 978 756 1033 etit3

174 1055 272 1105 Robora
281 1052 341 1103 dum
353 1069 464 1114 montes,
476 1052 534 1103 dum
545 1053 632 1118 pabula
642 1053 728 1103 mollia
738 1057 832 1119 campi,

207 1132 274 1181 Dum
285 1132 378 1183 Tiberis
389 1130 463 1183 flavas
473 1133 563 1182 Tuscus
574 1133 672 1181 habebit
682 1149 771 1197 aquas,

174 1209 243 1261 Bella
252 1226 333 1275 geram
345 1225 424 1261 tecum
436 1229 441 1258 ι
452 1227 496 1259 nec
506 1226 571 1259 mors
582 1213 642 1259 mihi
653 1208 721 1259 finiet
730 1212 795 1269 iras,

210 1292 275 1339 Sava
287 1287 328 1337 sed
339 1289 459 1339 inManes
469 1289 582 1337 Manibus
592 1284 659 1337 arm'a
669 1287 746 1338 dabit.
896 1317 941 1360 ¹40

178 1367 243 1416 Tum
255 1382 368 1433 quoque,
378 1365 433 1415 ciun
444 1382 528 1417 vacuas
540 1366 608 1417 fuero
620 1364 723 1432 dilapsus
731 1368 848 1427 inauras,

211 1444 332 1494 Exanimis
341 1460 420 1493 mores
430 1442 509 1493 oderit
520 1445 604 1495 umbra
615 1460 679 1495 tuos.

178 1524 244 1573 Tum
252 1538 348 1588 quoque
358 1521 475 1571 sasiorum
483 1524 577 1571 veniam
586 1538 680 1573 mernor
688 1524 772 1573 umbra
782 1538 893 1573 tuorum:

211 1598 322 1663 Insequar
332 1600 356 1645 bc
369 1595 450 1647 vultus
462 1592 527 1643 ossea
537 1594 603 1643 larva
613 1609 675 1643 tuos.

180 1676 234 1725 Sive
246 1691 308 1740 ego,
321 1671 389 1739 quod
399 1672 494 1732 nolim,
508 1672 587 1737 longis
599 1674 737 1723 consumtus
746 1675 776 1723 ab
786 1676 871 1734 annis3
898 1701 943 1745 145

213 1754 266 1803 Sive
276 1788 284 1813 ‚
296 1768 368 1801 manu
380 1751 441 1801 sabis
453 1766 546 1807 morte,
559 1749 650 1801 solutus
659 1768 718 1801 ero:

180 1832 235 1882 Sive
245 1848 287 1898 per
298 1832 425 1882 immensas
436 1830 540 1895 jasbabor
551 1830 679 1894 naufragus
690 1828 781 1885 undas,

213 1909 346 1974 Nostraque
357 1907 501 1972 longinquus
512 1909 600 1959 viscera
609 1910 679 1974 piscis
689 1906 761 1967 edet3

182 1990 236 2037 Sive
247 1990 374 2052 peregrina
385 2001 481 2049 carpent
492 2002 546 2035 mea
554 1988 662 2036 membra
670 1986 778 2037 volucres
789 2004 797 2047 5

215 2066 268 2115 Sive
278 2082 333 2114 meo
342 2067 435 2129 tingent
444 2065 555 2129 sanguine
566 2065 639 2116 rostra
648 2065 698 2131 lupi
704 2083 714 2124 ς
899 2095 945 2140 150

151 2190 153 2193 .
180 2144 235 2193 Sive
246 2143 331 2210 aliquis
342 2141 452 2207 dignatus
462 2146 507 2192 erit
516 2145 648 2208 supponere
660 2158 743 2205 terra,

215 2222 264 2271 Aut
273 2220 328 2270 dare
339 2221 434 2288 plebejo
445 2238 529 2287 corpus
541 2223 612 2271 inane
621 2238 701 2287 rogo:

185 2297 307 2361 Quicquid
318 2315 376 2358 ero,
388 2301 475 2363 Stygiis
488 2315 611 2363 erumpere
621 2304 684 2348 nitar
696 2299 725 2347 ab
734 2300 801 2358 oris,

218 2373 249 2422 Et
260 2372 356 2423 tendam
367 2374 457 2439 gelidas
466 2376 531 2423 ultor
541 2378 566 2423 in
576 2392 618 2424 ora
629 2392 722 2424 manue.

900 2500 942 2543 155

184 2607 295 2673 Denique
306 2604 421 2673 quicquid
434 2622 486 2671 ages
497 2613 570 2665 ,ante
581 2626 609 2657 os
617 2609 749 2675 ocuiotque
757 2610 864 2672 volabo,

217 2685 356 2750 Ecquem,
370 2688 394 2733 bt
405 2684 473 2733 nulii
483 2683 536 2735 sede
547 2689 641 2750 quietus
651 2690 712 2745 eris3

184 2763 289 2812 Verbera
300 2777 363 2812 torta
374 2760 465 2812 dabunt
475 2764 595 2822 sonitum3
606 2781 718 2831 nexuque
730 2766 835 2817 colubris

217 2840 322 2891 Conscia
335 2841 462 2890 fumabunt
472 2841 563 2905 semper
574 2839 605 2892 ad
615 2860 658 2892 ora
668 2842 741 2893 faces.

183 2919 227 2969 His
237 2922 304 2969 vivut
316 2920 390 2969 Furiis
401 2919 519 2982 agitabere
530 2937 535 2966 ι
545 2935 654 2969 mortuus
664 2920 751 2973 isdem.

217 2996 247 3043 Et
258 2998 351 3045 brevior
362 2994 433 3060 poni
443 2998 493 3044 vira
505 2995 585 3046 sutura
600 2997 641 3047 tui
653 2999 694 3049 est.

186 3074 238 3123 Nec
249 3076 292 3123 tibi
302 3077 442 3138 contingent
452 3072 531 3123 fumus
542 3073 700 3142 iacrymaque
708 3090 821 3130 tuorum:

225 3151 352 3207 nuru.
602 3215 608 3225 ,
769 3163 791 3214 n

902 2878 947 2914 160
