2334 3917
282 414 346 499 398
398 412 441 479 P.
467 413 646 479 Ournrr
669 415 892 515 NAsonrs

309 535 400 599 lstaque
411 550 454 599 pro
465 532 547 584 solidis
559 533 668 601 frugibus
676 533 727 586 oll'a
737 538 832 587 sonent.

276 610 356 676 thue
366 627 458 676 patrem
469 613 620 673 Psamathes,
631 613 720 664 condat
731 630 754 665 te
766 617 869 666 Pboebus
880 620 906 666 in
918 617 972 667 ima

308 690 406 739 Tartara
415 708 423 749 ς
434 688 502 757 quod
512 706 573 740 natae
584 692 672 741 fecerat
681 692 723 742 ille
733 695 789 742 suae.

226 766 349 833 5751nque
362 782 416 817 tuos
427 786 454 818 ea
464 768 532 833 pestis
547 785 585 819 eat
594 804 603 829 ,
613 787 686 836 quam
701 770 784 820 dextra
799 770 922 821 Choroebi

308 844 392 904 Vicit,
402 862 476 909 opem
487 846 576 895 miseris
587 847 751 914 Argolicisque
762 850 828 898 tulit.

276 921 360 989 thue
371 938 444 987 nepos
459 923 561 984 Euhias,
576 924 673 973 Veneris
687 928 803 991 periturus
815 926 850 975 ob
864 929 945 985 irum,

308 1000 380 1050 Exsul
390 1002 419 1050 ab
430 1004 537 1051 attonitis
550 1004 674 1050 excutiaris
685 1007 761 1068 equis.

276 1080 374 1144 Propter
384 1096 440 1145 opes
451 1095 547 1144 magnas
557 1094 584 1128 ut
594 1078 699 1144 perdidit
710 1083 794 1145 hospes
802 1080 928 1129 alumnum
939 1114 949 1140 ‚

228 1162 275 1225 580
308 1154 393 1207 Perdat
404 1157 436 1205 ob
448 1160 541 1222 exiguas
552 1173 574 1205 te
585 1172 639 1206 tuus
649 1159 733 1223 hospes
743 1176 809 1223 opes.

276 1235 339 1285 Utve
355 1235 435 1285 serunt
446 1238 528 1285 fratres
541 1237 580 1284 sex
598 1252 654 1285 cum
669 1236 875 1287 Damasichthone
886 1237 975 1297 caesos,

306 1314 409 1362 Intereat
421 1329 499 1362 tecum
510 1317 543 1361 sic
554 1330 628 1378 genus
637 1332 710 1363 omne
720 1331 797 1364 tuum.
892 1364 897 1368 .

274 1388 375 1439 Addidit
387 1406 413 1439 ut
424 1390 511 1441 fidicen
522 1394 613 1440 miseris
623 1393 664 1442 sua
676 1392 757 1442 fitnera
767 1397 844 1454 natis,

310 1470 347 1517 Sic
360 1470 403 1517 tibi
415 1471 463 1519 sint
472 1472 526 1517 vita
543 1468 613 1518 taedia
623 1469 682 1534 justa
693 1485 747 1519 tue.

227 1545 337 1624 585Utve
350 1546 415 1594 soror
426 1546 535 1612 Pelopis,
552 1548 607 1595 saxo
619 1545 710 1596 dureris
721 1550 825 1603 oborto,

306 1623 336 1673 Et
349 1624 415 1673 laesus
430 1624 511 1690 linguai
526 1624 609 1674 Battus
623 1626 653 1674 ab
670 1627 719 1690 ipse
734 1627 784 1675 sud.

274 1700 334 1751 Aera
348 1704 366 1750 si
380 1700 449 1752 millo
462 1720 564 1751 vacuum
579 1703 715 1769 jaculabere
729 1703 814 1765 disco,

306 1778 362 1839 Quo
375 1796 431 1845 puer
445 1778 583 1839 OEbalides,
597 1783 655 1829 isius
671 1784 701 1830 ab
714 1784 771 1831 orbe
787 1780 867 1834 cados.

271 1859 344 1923 Siqua
361 1874 401 1923 per
417 1858 520 1907 alternos
534 1858 665 1924 pulsabitur
680 1858 744 1909 unda
761 1861 879 1919 lacertos,

225 1952 272 1996 59⁰
306 1936 390 1983 Omnis
408 1934 523 1999 Abydeni
538 1939 569 1986 sit
582 1938 626 1986 tibi
637 1941 704 2003 pejor
716 1937 786 2003 aqui.

271 2010 387 2063 Comicus
398 2028 425 2061 ut
436 2011 533 2079 liquidis
543 2018 631 2079 periit,
643 2013 702 2064 dum
713 2018 800 2077 nabat,
814 2018 839 2065 in
851 2014 943 2077 undis·,

302 2090 332 2137 Et
343 2106 383 2137 tua
394 2094 427 2139 sic
438 2092 533 2155 Stygius
544 2092 673 2157 strangulet
683 2110 725 2141 ora
736 2092 824 2159 liquor.

270 2167 317 2217 Aut
328 2170 367 2215 ubi
377 2170 502 2217 ventosum
514 2170 628 2233 superastis
638 2170 768 2235 naufragus
777 2188 875 2237 aequor,

302 2244 420 2295 Contalli
430 2264 524 2313 pereas,
536 2263 562 2296 ut
573 2248 713 2308 Palinurus,
725 2252 809 2299 humo.

222 2324 351 2389 595Urque
361 2328 530 2375 cothurnatum
540 2343 620 2375 vatem
632 2327 707 2376 tutela
717 2326 818 2382 Dianae,

300 2403 424 2453 Dilanient
434 2405 535 2469 vigilum
546 2420 569 2454 te
577 2422 674 2471 quoque
683 2405 751 2455 turba
761 2422 856 2454 canum.

268 2483 316 2529 Aut
327 2497 353 2531 ut
364 2482 515 2542 Trinacrius,
526 2483 593 2531 salias
604 2484 672 2548 super
681 2499 723 2532 ora
734 2484 860 2547 Gigantis,

301 2559 406 2609 Plurima
416 2559 463 2627 qui
473 2558 581 2609 flammas
593 2562 681 2609 Sicanis
691 2559 763 2611 AEtna
774 2564 862 2610 vomit.

268 2636 436 2703 Diripiantque
448 2653 501 2687 tuos
511 2640 598 2687 insanis
608 2640 724 2703 unguibus
735 2654 799 2687 artus

221 2721 269 2761 oco
302 2718 444 2778 Strymonia
456 2731 557 2775 matres,
569 2716 678 2781 Orpheos
689 2712 735 2764 else
748 2731 812 2765 rata.

270 2794 346 2844 Natus
357 2809 383 2843 ut
394 2792 491 2844 Althaeae
502 2792 605 2842 flammis
616 2794 750 2842 absentibus
761 2796 831 2854 arsit,

301 2875 339 2921 Sic
349 2888 402 2922 tuus
413 2870 518 2921 ardescat
528 2870 612 2936 stipitis
622 2873 677 2935 igne
689 2887 769 2935 rogus.

268 2949 303 2999 Ut
313 2966 376 3001 nova
388 2946 499 2999 Phasiacl
508 2945 641 3014 compressa
652 2948 684 2997 esl
693 2964 768 3013 nupta
778 2948 888 3011 coronal,

301 3026 382 3091 thue
393 3042 458 3092 pater
469 3041 567 3091 nupta,
579 3041 682 3090 cumque
693 3040 788 3091 parente
798 3023 895 3077 domus.

220 3102 303 3164 605Ut
312 3118 383 3153 cruor
392 3104 523 3155 Herculeos
534 3104 594 3153 abiit
603 3100 702 3154 diffusus
713 3106 739 3154 in
749 3118 827 3165 artus,
