2334 3917
275 400 344 465 230
402 375 446 442 P.
472 374 627 444 Ovrnrr
649 375 846 443 NAsours

225 507 255 552 30
305 498 335 546 Et
344 511 438 545 carmen
446 492 560 553 demens,
576 499 681 564 carmine
690 495 771 555 lesus,
784 515 850 548 amo.

269 576 307 624 Sic
317 590 380 622 nove
390 572 507 622 Dulichio
518 572 582 622 lotos
594 574 683 638 gustata
694 575 790 639 palato,

300 649 364 710 illo,
376 667 426 715 quo
436 654 536 709 nocuit,
551 667 617 716 grata
633 654 714 716 sapore
730 653 785 702 suit.

268 727 344 776 Sentit
354 744 437 778 amam
448 731 489 778 sue
501 727 589 780 demna
603 729 668 788 seri,
681 746 760 780 tamen
772 733 845 780 heret
856 734 881 780 in
895 731 958 791 illu,

299 807 427 856 Meterinm
438 807 514 872 culpe
524 808 718 874 persequiturque
730 810 783 856 sue.

221 898 246 949 35
269 882 319 933 Nos
329 901 426 952 quoque
436 883 555 934 deleelant
567 919 575 942 ,
587 889 697 950 quamvis
706 903 825 945 nocuere,
839 886 916 937 libelli
929 906 937 937 e

300 961 421 1028 Quodque
430 966 489 1010 milri
507 963 584 1012 telum
594 962 692 1012 vulnera
705 963 779 1023 fecit,
793 981 858 1014 amo.

267 1040 375 1089 forsitan
383 1044 431 1089 hoe
441 1038 546 1088 studium
561 1043 637 1104 possit
649 1040 716 1089 furor
727 1037 772 1089 esse
783 1039 860 1090 videri
873 1060 879 1090 r

299 1116 344 1166 Sed
360 1115 477 1182 quiddam
487 1117 553 1166 furor
569 1120 609 1166 hic
621 1117 731 1168 utilitatis
743 1120 823 1168 haber.

265 1196 362 1260 Semper
371 1200 397 1244 in
409 1197 496 1262 qbtutu
507 1211 614 1244 mentem
624 1212 689 1246 verat
699 1195 745 1246 else
756 1196 876 1245 malorum
889 1215 899 1255 ·,

217 1299 249 1342 40
298 1274 420 1322 Praesrrrtis
430 1273 495 1323 castis
504 1277 721 1339 immemoremque
735 1274 803 1323 fucit.

265 1349 345 1414 Usque
356 1351 424 1398 suum
436 1351 532 1400 becchis
542 1368 593 1400 non
601 1353 672 1401 sentit
679 1353 757 1402 saucia
766 1352 867 1410 vulnus,

256 1451 266 1477 Ι
296 1423 362 1472 Dum
373 1424 449 1489 stupet
460 1424 551 1474 Edonis
562 1425 766 1492 extrlulotaJugis3

264 1502 316 1559 Sic,
329 1503 369 1549 ubi
381 1518 447 1551 mora
455 1502 534 1553 calent
542 1501 615 1555 viridi
627 1520 681 1553 mea
691 1507 785 1568 peilora
797 1505 877 1566 thyrso
889 1537 898 1563 ,

296 1578 373 1627 Altior
383 1582 489 1630 humano
503 1582 598 1645 spiritus
613 1581 654 1630 ille
666 1581 733 1630 malo
745 1582 785 1630 est.

215 1674 243 1718 45
264 1655 308 1704 Ille
319 1672 361 1704 nec
374 1656 500 1715 exsilium,
511 1660 617 1720 Scythici
628 1673 672 1706 nec
681 1657 752 1707 litore
763 1660 850 1722 ponti,

295 1733 339 1782 ille
350 1750 394 1782 nec
408 1737 483 1801 irqros
493 1738 565 1785 sentit
573 1731 652 1784 adesse
663 1735 739 1784 Deos.

262 1809 344 1876 thue
355 1812 493 1876 soporiferae
501 1813 608 1862 biberem
619 1817 637 1860 si
651 1813 738 1878 pocula
746 1813 846 1874 Lethes,

295 1889 422 1952 Temporis
433 1888 524 1938 adversi
534 1894 569 1940 sic
579 1893 641 1940 mihi
654 1893 732 1940 sensus
743 1892 821 1940 hebes

261 1965 316 2012 lure
327 1965 388 2015 Deas
396 1968 469 2030 igitur
478 1985 578 2016 veneror
587 1968 652 2018 mala
665 1968 743 2017 nostra
752 1969 870 2025 levantes,

216 2057 245 2099 μ
294 2041 398 2091 Solicitae
411 2048 511 2093 comites
523 2062 551 2093 err
562 2045 680 2094 Helicone
691 2046 753 2110 suge
765 2066 771 2094 r

261 2117 293 2166 Et
305 2123 392 2183 partim
402 2121 503 2185 pelago,
515 2125 604 2186 partim
616 2123 713 2188 vestigia
727 2124 788 2174 terri

294 2195 339 2244 Vel
349 2212 398 2245 rete
411 2195 534 2262 dignatas,
545 2201 583 2250 vel
592 2199 651 2264 pede
659 2203 738 2250 nostra
747 2205 822 2267 sequi.

261 2275 313 2322 Sint
324 2291 407 2338 precor
418 2278 455 2324 lsae
466 2277 551 2330 saltem
562 2277 645 2327 faciles
653 2281 713 2328 mihi
724 2296 841 2346 ensmque
852 2281 962 2334 Deorum

292 2351 380 2402 Cetera
389 2371 444 2403 cum
457 2371 546 2420 magno
557 2355 652 2406 Caesare
664 2359 733 2406 turba
744 2357 810 2407 sacis.

214 2440 224 2482 s
230 2439 239 2483 5
259 2431 348 2498 Meque
360 2432 506 2484 totadversis
514 2434 639 2485 cumulent
648 2469 656 2495 ,
665 2450 725 2501 quot
737 2436 792 2485 litus
803 2452 901 2498 arenas,

291 2510 404 2577 Quosque
414 2512 502 2563 fretum
513 2514 603 2576 pisces,
615 2529 709 2578 ovaque
720 2515 789 2578 piscis
799 2515 881 2564 haber.

258 2588 320 2638 Vere
331 2590 394 2654 priris
404 2589 474 2640 flores
486 2624 494 2650 ,
508 2590 564 2639 aeslu
576 2593 711 2640 numerabis
725 2591 804 2642 aristes
816 2626 824 2651 ,

291 2667 366 2716 Poma
376 2685 417 2733 per
427 2683 569 2718 autumnum
579 2703 588 2727 ‚
597 2668 772 2734 frigoribusque
785 2672 863 2720 nives:

259 2743 340 2803 Quem
349 2746 429 2804 mele,
441 2763 494 2811 quae
505 2761 560 2795 toto
570 2750 649 2811 patior
659 2749 757 2812 jacintus
767 2749 793 2794 in
804 2747 878 2802 orbe,

213 2827 245 2866 60
293 2822 360 2871 Dum
373 2826 444 2873 miser
455 2825 540 2874 Euxini
553 2823 626 2875 litora
634 2825 693 2874 leva
703 2839 768 2889 peto.

260 2898 312 2948 Nee
329 2915 409 2950 tamen
419 2935 428 2961 ,
440 2905 544 2962 utveni,
560 2901 636 2953 levior
647 2901 744 2952 fortuna
752 2901 872 2952 malorum
881 2903 925 2953 eii:

291 2976 346 3026 Huc
354 2995 449 3044 quoque
461 2980 514 3030 sunt
525 2980 614 3030 nostras
626 2979 676 3030 sata
686 2981 764 3028 secute
774 2983 833 3030 vias.

260 3053 306 3103 Hic
323 3070 419 3122 quoque
428 3059 548 3123 cognosco
558 3057 645 3109 natalis
657 3058 757 3110 ilemine
766 3057 840 3108 nolui
847 3075 856 3118 ς
