2334 3917
278 397 579 465 FAsTortuur
605 392 706 459 ers.
739 372 792 461 V(
830 414 895 477 127

212 516 250 569 Sal
257 533 310 577 tat,
326 520 351 566 δι
368 512 506 581 imprudens
521 515 595 563 utitur
612 527 661 562 arte
671 514 742 563 meti.

181 596 265 648 Ebrius
279 594 310 645 ad
322 593 408 645 durum
420 593 531 643 formose:
543 592 617 641 limen
629 593 710 641 amicae

211 670 302 725 Cantat
314 692 320 722 s
332 675 419 723 habeut
432 675 505 721 unde
514 670 600 721 mollia
611 672 762 721 serracomoe.
896 691 945 736 μα

180 749 253 803 Nulla
265 752 381 802 coronati
391 764 536 817 peraguntur
547 751 606 799 seria
618 750 712 798 fronte:

209 832 260 881 Nec
271 829 368 905 liquide
378 833 462 879 vindis
474 826 533 879 ilore
545 828 660 877 bibuntur
673 842 750 893 aque.

177 909 262 960 Donec
273 926 322 959 eras
333 913 422 959 mixtus
432 908 505 958 nullis
517 942 526 969 ,
542 906 649 957 Achelo'e'
656 941 664 965 ,
676 906 794 965 racemis,

208 989 290 1039 Gratia
301 985 422 1037 sumendae
433 1003 484 1037 nou
493 1002 543 1037 erat
553 985 604 1037 ulla
614 986 682 1035 rosc.

175 1065 280 1116 Bacchus
296 1080 361 1116 amat
374 1064 445 1115 flores
458 1084 464 1113 r
475 1066 570 1116 Baccho
580 1060 695 1131 placuiffe
704 1078 820 1113 coronam
894 1073 937 1123 345

205 1144 242 1194 Ex
252 1141 378 1193 Ariadneo
393 1142 469 1192 sidere
480 1140 547 1193 rsoffe
558 1157 637 1208 potes.

173 1217 248 1266 Stena
259 1216 318 1265 levir
326 1213 395 1265 decet
403 1218 463 1265 hanc
472 1234 479 1265 ι
489 1232 539 1266 nou
553 1215 602 1276 est,
610 1217 671 1265 mibi
679 1212 786 1276 credite,
798 1229 850 1264 non
858 1213 891 1262 eli

205 1294 251 1343 llla
264 1296 417 1345 cothurnatus
431 1297 493 1363 iuter
503 1292 614 1345 habenda
626 1294 700 1343 Deas.

172 1371 253 1421 Turba
261 1371 361 1439 quidem
371 1390 413 1422 cur
424 1376 468 1425 hos
479 1372 601 1423 celebrent
610 1373 745 1423 meretricis
755 1368 842 1432 ludos,

204 1450 264 1500 Non
278 1468 306 1500 ex
322 1448 415 1501 difficili
425 1453 495 1506 causa,
503 1449 606 1517 peteuda
619 1450 704 1501 subest.
729 1447 731 1454 '
890 1458 937 1507 iio

169 1528 230 1579 Non
246 1527 318 1578 elide
329 1532 434 1589 tetricis,
444 1530 534 1579 nonest
546 1524 575 1579 de
585 1545 673 1593 magns
683 1526 810 1593 professis:

202 1606 264 1657 Vult
277 1610 315 1656 sua
327 1608 423 1673 Plebejo
436 1611 585 1673 increpuere
594 1610 679 1657 choro.

168 1684 199 1734 Er
214 1699 299 1734 monet
309 1688 384 1734 etatis
397 1687 486 1751 specie,
502 1683 561 1735 dum
573 1684 675 1740 floreat,
689 1684 740 1744 uti3

200 1762 336 1813 Contemni
349 1764 455 1829 spinam,
467 1780 522 1813 cunr
541 1762 647 1813 cecidere
656 1764 725 1812 rosae.

168 1839 220 1891 Cur
239 1855 339 1895 tumen,
354 1855 381 1890 ut
395 1838 480 1891 dautur
490 1841 564 1891 vestes
580 1840 720 1891 Cerealibus
730 1840 789 1890 albe
797 1874 807 1903 ,
886 1866 931 1913 355

200 1920 239 1969 Sic
251 1921 301 1968 haec
314 1919 346 1969 est
359 1920 425 1970 cultu
433 1918 576 1970 versicolore
589 1916 696 1968 deceusi

167 1997 205 2048 Au
218 2001 274 2064 quia
286 2001 384 2047 maturis
395 1998 493 2047 albescit
504 2000 585 2047 messis
594 1997 669 2047 aristis
680 2000 690 2047 i

198 2076 232 2126 Et
242 2076 310 2125 color
320 2080 345 2126 δι
358 2070 551 2141 species'floribue
561 2078 641 2147 ornnis
648 2075 718 2125 inest?

163 2156 265 2215 Annuit,
278 2158 301 2205 δι
311 2157 384 2205 motis
395 2153 466 2204 flores
472 2152 577 2205 cecidere
587 2153 690 2221 capillis,

199 2232 315 2293 Accidere
329 2237 355 2283 in
373 2236 465 2284 mensas
480 2249 506 2283 ut
520 2236 572 2283 ross
585 2231 654 2283 miffa
665 2233 736 2284 solet.
888 2238 934 2293 350

166 2312 271 2362 lumina
281 2312 413 2373 restabant,
422 2328 526 2379 quorum
537 2330 575 2361 me
586 2314 656 2364 causa
665 2312 768 2369 latebat,
867 2350 872 2360 .

197 2388 264 2441 cum
279 2394 312 2440 sic
327 2406 416 2440 errores
426 2390 521 2440 abstulit
535 2391 578 2440 illa
591 2408 667 2441 meos.

163 2468 210 2519 vel
229 2472 286 2535 quia
296 2472 418 2535 purpureis
429 2469 551 2519 collucent
562 2467 660 2518 floribus
671 2470 739 2534 agri,

195 2548 300 2597 Lumina
312 2549 365 2597 suut
373 2547 463 2597 nostros
473 2548 522 2597 visa
533 2546 616 2597 decere
629 2546 695 2597 dies:

163 2624 209 2675 Vel
226 2628 283 2691 quia
293 2642 336 2677 uec
350 2624 394 2675 ilos
410 2626 442 2675 eli
457 2628 553 2685 hebeti,
570 2642 614 2675 nec
625 2623 737 2684 flamma,
755 2624 836 2677 colore
842 2643 851 2686 3
881 2635 924 2693 365

194 2704 275 2769 Atque
289 2702 373 2753 oculos
390 2706 414 2753 in
430 2706 453 2753 se
462 2702 579 2768 'splendor
591 2719 690 2769 uterque
701 2705 788 2753 trahite

163 2781 209 2832 Vel
219 2785 277 2847 quia
284 2780 376 2833 deliciis
386 2784 501 2832 nouurna
509 2782 607 2833 licentia
619 2782 704 2833 nostris

195 2859 320 2911 Convenit
331 2879 337 2909 ε
349 2877 364 2910 a
375 2874 434 2912 vero
445 2862 514 2911 tertia
525 2863 595 2913 causa
604 2863 681 2913 veuit.

161 2937 201 2987 Est
219 2938 292 2987 breve
304 2954 432 3005 preterea,
446 2937 476 2989 de
487 2956 537 3005 quo
553 2943 614 2989 mihi
628 2954 732 3006 quarere
743 2938 830 3004 restat,

194 3017 217 3064 Si
230 3015 313 3075 liceat,
328 3014 386 3066 dixi.
398 3017 466 3067 Dixit
478 3022 502 3067 δι
514 3016 573 3076 illa,
585 3019 661 3069 Licet.
878 3043 924 3091 370

161 3092 213 3149 Cur
224 3095 267 3145 tibi
278 3111 323 3162 pro
334 3096 428 3162 Libycis
437 3094 577 3149 claudentur
586 3112 636 3150 rete
646 3098 727 3149 leeris

703 3180 767 3235 Fir
