2334 3917
250 410 314 476 188
390 404 432 473 P.
462 402 619 473 Orrorr
636 401 831 473 NAsoim

245 526 325 593 thue
338 540 390 575 tuus
401 524 489 590 gaudet
499 525 584 585 miles,
594 524 661 591 quod
670 529 756 576 vicerit
764 526 873 583 hostema

200 610 229 657 §⁰
277 606 327 657 Sic,
344 605 434 653 vibium
447 618 488 651 cur
498 604 521 650 se
531 601 650 668 gaudeat,
661 604 734 653 hostis
741 605 821 653 habet.

245 680 322 730 Causa
332 696 386 730 mea
396 681 429 731 est
440 680 527 730 melior
537 698 543 729 ι
560 683 603 745 qui
611 697 654 729 nec
662 683 780 731 contraria
789 679 859 729 dicor

278 760 366 817 Arma,
382 774 426 807 nec
436 756 533 807 hostiles
542 754 589 807 effe
602 759 694 807 secutur
704 774 769 824 oper.

216 888 218 891 ,
245 830 289 883 Per
302 849 381 895 mare,
397 852 438 901 per
455 851 544 893 terrae,
562 850 604 899 per
615 838 684 884 tertia
693 839 792 885 numina
804 837 875 899 juro,

278 912 322 961 Per
333 926 356 961 te
366 914 503 978 presentem
513 914 715 978 conspicuumque
726 912 808 961 Deum
819 930 828 972 ι

200 992 226 1037 Η
246 988 317 1039 Hunc
331 993 438 1039 animum
449 986 532 1039 faviiie
546 989 609 1048 tibi,
625 989 670 1037 Vir
678 991 782 1038 maxime
792 1007 799 1037 r
811 1003 897 1055 meque
904 1021 917 1049 ,

279 1066 333 1127 Qui
343 1066 394 1116 soli
403 1070 485 1131 potui,
497 1080 577 1115 mente
588 1062 656 1115 fuiii'e
667 1080 745 1115 tuum.

247 1142 335 1207 Optavi
347 1157 435 1207 peteres
445 1143 549 1193 coeieiiia
558 1141 634 1193 sidera
644 1142 728 1201 tard03

279 1219 380 1284 Parsque
391 1220 426 1268 fui
438 1221 511 1269 rurbae
522 1235 594 1285 parva
604 1223 721 1285 precantis
729 1218 805 1269 idem.

248 1292 278 1343 Er
284 1298 321 1359 pia
333 1310 384 1346 tura
395 1295 451 1347 dedi
459 1313 503 1362 pro
515 1312 554 1347 rer
568 1313 671 1363 cumque
680 1299 860 1347 omnibusunur

200 1366 231 1407 ⁶0
279 1372 330 1436 Ipse
341 1390 437 1439 quoque
446 1373 527 1439 adjuvi
536 1374 633 1439 publiea
642 1389 700 1426 vota
710 1377 779 1423 meir.

247 1447 310 1509 Quid
325 1450 426 1501 referam
436 1451 527 1514 libror,
543 1452 601 1503 iiloe
610 1468 722 1519 quoque,
732 1454 833 1501 cumina
841 1450 939 1513 nostra,

278 1524 349 1575 Mille
360 1522 419 1577 locis
429 1528 512 1594 plenos
519 1531 624 1578 nominis
634 1525 680 1578 effe
688 1531 739 1579 terii

245 1601 336 1667 Inspice
350 1608 426 1670 majus
437 1616 517 1669 opus,
531 1604 599 1672 quod
606 1604 684 1655 adhuc
693 1607 743 1655 aiae
754 1604 802 1655 fine
814 1604 902 1672 reliqui
915 1640 924 1665 ‚

280 1680 309 1729 ln
325 1697 374 1731 ιιοιι
386 1682 516 1733 credendos
526 1700 626 1750 corpora
635 1685 702 1736 versa
711 1680 799 1733 modos
809 1700 819 1742 ς
875 1700 879 1707 ·

200 1762 229 1819 ⁶5
247 1757 355 1809 Invenies
367 1761 436 1811 vestri
447 1766 565 1826 preconia
575 1764 681 1812 nominis
691 1760 760 1819 iliic3

270 1837 389 1888 ‚Invenies
405 1843 479 1889 animi
495 1844 595 1905 pignora
607 1839 750 1890 muiaamei.
907 1902 911 1907 .

249 1914 307 1965 Non
317 1932 358 1967 tua
369 1919 512 1968 carminibus
522 1921 600 1983 major
610 1916 639 1967 fir
648 1917 739 1982 gioria,
751 1932 795 1966 nec
804 1916 873 1983 quo,

281 1993 316 2043 Ut
326 1998 408 2059 ,maior
422 1994 477 2055 fiat,
488 1998 590 2045 crescere
601 1997 691 2060 possit,
701 1995 781 2043 haber.

249 2071 321 2119 fama
332 2072 386 2121 Jovi
396 2073 496 2135 superest
508 2091 514 2120 r
525 2087 606 2122 tamen
617 2076 681 2122 hunc
690 2073 730 2121 sua
739 2070 800 2122 facia
806 2070 888 2121 referri
899 2104 910 2133 ,

203 2164 233 2207 70
283 2149 314 2199 Et
323 2151 346 2198 se
357 2154 480 2199 materiam
491 2148 670 2212 carminiress'e,
679 2154 764 2217 juvate

250 2225 362 2292 Cumque
372 2226 484 2293 Gigantei
494 2222 659 2279 memorantur
665 2228 750 2293 proelia
759 2225 837 2285 belli,

282 2303 406 2355 Credibile
416 2306 449 2354 est
458 2306 540 2355 latum
551 2306 661 2356 laudibus
672 2304 718 2355 eise
728 2308 784 2355 fuir.

250 2382 286 2432 Te
296 2382 415 2432 celebrant
422 2384 462 2432 aiii
473 2399 563 2448 quanto
574 2383 644 2434 decet
653 2400 712 2444 ore,
725 2398 824 2451 tuasque

284 2460 383 2524 Ingenio
395 2460 476 2509 laudes
485 2462 594 2511 uberiore
602 2476 699 2512 canunt.

192 2558 232 2607 '75
252 2534 400 2596 scertamen,
412 2537 632 2587 utfusotaurorum
643 2540 880 2604 sanguinearum,

285 2616 322 2662 Sic
333 2618 425 2680 eapitur
432 2618 534 2664 minimo
546 2619 603 2665 ruris
613 2618 706 2665 honore
716 2616 791 2665 Deua.

251 2692 288 2739 Ah
299 2690 378 2741 ferus!
391 2694 415 2741 δι
427 2692 604 2743 nobisoimirim
615 2691 743 2743 crudeliter
749 2694 822 2744 hostia
833 2728 843 2755 ,

284 2768 389 2819 Delicias
401 2766 459 2835 legii
468 2773 560 2835 quitibi
572 2786 675 2836 cumque
684 2770 766 2821 meae!

255 2846 264 2911 (
275 2844 390 2895 Carmina
399 2863 429 2897 ne
439 2847 522 2897 nostris
530 2850 562 2897 ric
572 2863 596 2897 re
602 2851 740 2898 venerantia
748 2848 817 2897 libris

207 2922 237 2970 io
287 2922 381 2973 Judicio
396 2926 487 2989 possint
501 2923 639 2975 candidiore
650 2925 729 2992 legi.)

259 2996 313 3049 Effe
326 3000 365 3049 sed
377 3004 442 3051 irato
451 3003 503 3069 quis
515 3018 537 3051 te
550 3005 610 3052 mihi
620 3000 697 3067 poisat
706 3005 796 3053 amicus
806 3006 817 3055 ἓ

286 3078 333 3130 Vix
342 3092 405 3131 nunc
416 3082 464 3146 ipse
475 3082 535 3131 mihi
544 3097 597 3133 uon
605 3082 797 3133 iuimicureum.
