2334 3917
80 1626 81 1669 i
183 1614 283 1683 ‘Quique
294 1615 362 1668 dedit
373 1619 443 1668 Latio
455 1636 551 1669 carmen
561 1619 640 1685 regale
651 1621 750 1671 Severus
757 1634 768 1677 5

86 3474 93 3735 t

258 382 479 451 Ermum
500 382 653 450 Pouro
676 381 715 448 L.
738 379 806 450 IV.
835 404 902 467 379

226 544 887 619 *ἕψε-ἐπ»

288 684 630 749 EPISTOLA
668 684 790 746 x·v1.

307 830 391 892 AD
430 832 504 893 IN
526 833 644 895 V·ID
672 830 771 891 ΗΜ.

187 924 250 1043 Est
258 1009 275 1043 v
288 1010 297 1041 r
308 1008 365 1053 nr,
379 991 438 1060 quid
450 993 538 1045 laceras
547 994 651 1044 Nasonis
662 993 769 1042 carmina
778 990 857 1055 rapti?

218 1069 276 1119 Non
286 1071 348 1121 solet
357 1074 459 1135 ingeniis
471 1074 563 1121 summa
574 1088 661 1122 nocere
672 1069 732 1120 dies.

183 1148 303 1213 Famaque
313 1148 366 1214 post
377 1152 467 1197 cineres
478 1154 555 1213 major
565 1153 634 1200 venit
646 1168 652 1198 ε
666 1152 690 1198 δι
700 1149 762 1197 mihi
773 1161 865 1197 nomen

219 1226 289 1274 Tunc
301 1243 397 1293 queque
407 1261 416 1286 ‚
428 1228 484 1275 crim
495 1231 556 1277 vivis
567 1243 735 1277 annumeraret
744 1260 753 1287 ,
762 1241 822 1275 etat.

80 1306 81 1309 ’
186 1300 363 1355 Crimforet&
376 1307 482 1363 Marsus,
497 1312 627 1373 magnique
639 1308 749 1357 Rabirius
758 1308 824 1367 oris,
924 1324 934 1365 s

220 1382 354 1449 Iliacusque
365 1385 464 1445 Macer,
476 1384 627 1453 sidereusque
638 1384 722 1435 Pedo:

190 1459 240 1521 Et,
251 1464 293 1526 qui
302 1462 422 1529 lunonem
433 1462 527 1513 laesisset
538 1468 563 1513 in
575 1464 692 1519 Hercule.
703 1463 796 1537 §ciuus

221 1538 321 1589 iunonis
333 1544 351 1589 si
363 1557 413 1591 non
423 1545 473 1606 ianr
485 1558 556 1606 gener
567 1541 609 1591 ille
622 1542 696 1592 soret.

219 1694 313 1743 Etcum
324 1695 405 1745 subtili
416 1696 507 1745 Priscus
518 1711 620 1763 uterque
632 1695 724 1746 Numd.
894 1665 941 1732 X¹⁰

185 1770 281 1838 Quique
296 1774 335 1823 vel
346 1775 477 1838 imparibus
492 1778 615 1835 numeris,
627 1775 764 1833 Montane,
778 1770 819 1825 vel
832 1773 908 1838 aequis

220 1849 330 1909 Sufficis3
343 1855 367 1901 &
378 1854 476 1917 gemino
486 1857 592 1902 carmine
601 1868 692 1901 nomen
702 1852 783 1901 habes.

187 1927 218 1976 Et
229 1930 271 1991 qui
283 1928 408 1993 Penelopa
420 1930 545 1979 rescribere
558 1933 626 1994 iussit
635 1926 758 1992 Ulyffes,

215 2004 341 2057 Errantem
353 2008 414 2055 srevo
426 2023 466 2070 per
477 2004 527 2057 duo
541 2008 613 2057 lustra
623 2011 702 2064 mari,

185 2084 281 2150 Quique
292 2088 358 2137 suam
372 2086 504 2146 Troezena,
516 2086 729 2152 imperfeslumque
747 2083 841 2135 dietum
911 2109 937 2154 ¹5

217 2162 330 2213 Deseruit
340 2164 411 2213 celeri
422 2181 501 2216 morte
512 2167 613 2215 Sabinus
623 2181 691 2230 opus.
794 2176 798 2185 '

183 2240 323 2307 Ingeniique
338 2244 372 2291 sui
383 2241 458 2292 didus
470 2248 616 2311 cognomine
627 2246 733 2310 Largus,

217 2319 312 2367 Gallica
321 2324 363 2385 qui
374 2323 505 2387 Phrygium
516 2321 585 2373 duxit
597 2328 623 2373 in
633 2340 688 2373 arva
700 2326 791 2372 senem.

185 2396 281 2460 Quique
288 2400 352 2445 canit
362 2396 480 2447 domitam
488 2398 631 2449 Camerinus
640 2402 669 2447 ab
678 2399 781 2448 Hercule
788 2399 887 2463 Troiam
896 2416 902 2447 s

217 2475 313 2539 Quique
325 2475 366 2525 sui
377 2492 466 2525 nomen
478 2476 589 2539 Phyllide
601 2478 691 2527 Tuscus
701 2478 783 2526 habet.
907 2514 938 2546 ι.

183 2553 339 2619 Velivolique
349 2556 420 2603 maris
432 2569 496 2603 vates
506 2588 513 2613 ‚
525 2557 564 2603 cui
575 2554 670 2604 credere
681 2557 755 2620 possis

216 2632 333 2683 Carmina
341 2632 453 2682 ceruleus
464 2631 623 2697 composuisse
633 2633 709 2682 Deos.

83 2762 84 2773 γ
183 2712 279 2777 Quique
290 2714 351 2759 acies
363 2710 479 2773 Libycas,
494 2712 650 2777 Romanaque
661 2710 760 2775 proelia,
770 2708 846 2770 dixits

216 2790 248 2839 Et
259 2790 350 2838 Marius
361 2822 369 2847 ‚
381 2791 461 2854 scripti
472 2788 555 2840 dexter
566 2792 592 2837 in
604 2806 676 2838 omne
685 2803 768 2854 genus.

182 2868 368 2933 Trinacriusque
379 2868 426 2915 suae
437 2865 560 2917 Perseidos
571 2870 669 2926 rusios,
681 2870 706 2915 uc
718 2869 800 2915 andos
905 2896 933 2947 25

161 2940 164 2945 ¹
215 2943 350 2995 Tantalide
359 2944 471 3007 reducis,
484 2943 704 3010 Tyndaridosque,
715 2943 804 3008 Lupus.

182 3022 213 3073 Et
224 3026 265 3087 qui
275 3023 408 3071 Maeniam
419 3022 544 3073 Phreacida
553 3026 642 3077 vertit,
654 3026 679 3073 δι
691 3021 740 3071 und

213 3097 341 3151 Pindaricu:
351 3098 440 3154 fidicen
451 3114 478 3151 tu
487 3116 602 3169 quoque,
614 3099 677 3151 Rufe
681 3134 691 3165 ‚
702 3098 772 3164 lyra.
