2334 3917
271 381 578 467 rariorum
606 388 703 465 lm.
726 388 798 465 m.
853 391 895 486 83

178 518 254 572 llidet
269 536 402 571 amatorem
414 531 543 569 citanova
554 518 618 568 Diva
628 518 757 578 Minerua

211 599 265 649 Nec
277 616 313 647 rec
323 601 368 649 hac
379 598 466 647 Veneri
477 600 566 662 gratior
576 596 627 646 ulla
636 596 691 647 fuit.

178 676 239 729 lnde
249 681 300 744 joci
310 691 400 727 veteres
412 677 561 742 obscenaque
574 673 636 725 dicia
649 675 785 735 canuntur}
898 666 946 724 ⁶95

212 756 322 820 Etjuvat
332 758 394 804 hanc
410 768 500 819 magno
511 755 584 804 verba
600 748 689 804 dedille
704 754 767 803 Deo.

180 831 440 883 PRAETERITURUS
453 848 518 881 eram
529 829 623 897 gladios
635 835 661 881 in
670 833 779 896 Principe
786 828 864 888 fixum

213 911 280 962 Ctlm
291 914 324 960 sic
336 928 350 962 a
361 910 427 960 castis
438 910 508 960 Velia
518 910 601 960 locuta
611 909 671 959 focis
684 928 693 968 i

181 988 220 1039 Ne
231 986 315 1037 dubita
323 985 457 1037 meminisse
469 1006 475 1035 :
487 1004 553 1037 meus
563 986 610 1038 fuit
623 988 665 1038 ille
675 984 798 1037 Sacerdos.

214 1066 339 1131 Sacrilegae
355 1052 407 1115 telis
422 1082 461 1115 me
476 1068 563 1131 petiere
582 1082 674 1114 manus.
758 1065 762 1072 “
898 1071 948 1114 7²⁰

179 1144 233 1211 Ipsa
246 1149 325 1196 virum
336 1148 420 1209 rapui,
438 1142 610 1209 simulacraque
625 1142 690 1193 nuda
701 1143 797 1209 reliqui.

213 1221 380 1284 Quae'ceciclit
391 1223 470 1278 ferro,
486 1220 585 1272 Caesaris
595 1223 679 1271 umbra
690 1222 746 1271 fuit.
820 1284 824 1289 ι

180 1300 225 1351 llle
240 1300 339 1368 quidem
355 1300 420 1351 curlo
430 1302 520 1365 positus
531 1300 596 1349 lovis
607 1303 665 1349 atria
676 1302 770 1359 servat,

169 1370 170 1373 Ἴ
212 1378 245 1428 Et
259 1393 325 1430 tenet
335 1382 360 1428 in
370 1394 459 1443 magno
468 1378 557 1443 templa
565 1376 644 1427 dicata
652 1378 717 1429 foro.

174 1456 212 1519 *At
224 1460 371 1523 quicumque
382 1456 448 1506 nefas
462 1459 530 1514 ausi,
544 1458 685 1521 prohibente
698 1454 798 1506 deorum
897 1472 943 1519 705

213 1536 340 1590 Numine,
356 1535 492 1600 polluerant
506 1532 647 1584 Pontificale
663 1548 743 1599 caput.
841 1529 843 1533 ⁸

179 1612 262 1663 Morte
278 1618 357 1679 iacent
367 1611 453 1661 meriti
464 1630 472 1659 r
485 1610 551 1659 restes
562 1611 635 1660 estote
646 1611 752 1677 Philippi
762 1628 771 1670 3

212 1690 244 1739 Et
263 1706 367 1756 quorum
378 1690 460 1753 sparsis
471 1688 561 1737 ossibus
572 1686 637 1737 albet
646 1689 742 1738 humus.

179 1767 234 1817 Hoc
245 1784 323 1832 opus,
344 1768 393 1815 hac
405 1768 498 1831 pietas,
513 1766 564 1814 hac
574 1768 651 1831 prima
659 1766 777 1817 elementa
788 1766 885 1815 fuerunt

212 1845 315 1896 cesaris
327 1880 335 1903 ,
353 1845 435 1893 ulcisci
444 1843 504 1909 justa
515 1859 556 1907 per
566 1860 632 1892 arma
642 1858 743 1909 patrem.
896 1860 946 1904 7¹0

179 1922 326 1973 Posui-:Ra
342 1920 397 1972 ctlm
413 1937 502 1971 teneras
514 1923 607 1972 Aurora
616 1921 725 1979 refecerit
735 1923 818 1972 herbas
826 1958 836 1984 ,

212 2002 324 2066 Scorpios
335 2000 435 2066 aprimai
446 2014 513 2065 parte
521 1997 638 2049 videndus
651 2002 704 2050 erit.

180 2079 303 2129 TERTIA
313 2078 365 2144 pust
380 2076 435 2129 ldur
448 2077 487 2125 lux
502 2076 534 2127 est
542 2077 696 2128 celeberrima
703 2079 809 2130 Baccho.

210 2156 321 2212 Bacche,
339 2156 391 2206 fave
402 2158 468 2214 vati,
481 2153 540 2205 dum
552 2170 594 2206 tua
605 2155 661 2206 festa
669 2174 739 2207 cano.

179 2232 233 2284 Nec
249 2234 351 2283 referam
364 2233 492 2293 Semelen,
505 2231 535 2283 ad
547 2250 619 2299 quam
630 2238 674 2284 nisi
683 2235 785 2285 fulmina
796 2239 876 2287 secum
894 2260 940 2305 7¹5

212 2311 319 2376 luppiter
333 2310 428 2361 afferret
438 2330 445 2371 3
457 2328 563 2377 parvus,
581 2315 693 2372 inermis,
714 2332 779 2373 erasa

179 2388 247 2445 Nec,
267 2406 326 2455 puer
337 2405 362 2439 ut
373 2386 450 2455 pollen
460 2405 555 2440 maturo
566 2406 674 2455 tempore
684 2393 766 2453 nasci,
834 2456 837 2459 ἢ

209 2468 340 2534 Expletum
351 2471 429 2533 patrio
437 2484 538 2533 corpore
548 2471 631 2517 matris
642 2486 711 2519 onus.

178 2548 291 2600 Sithonas
303 2550 327 2595 ic
342 2548 466 2609 Scythicos
483 2546 585 2611 longum
596 2562 733 2597 enumerare
744 2548 892 2613 triumphost

210 2627 242 2675 Et
259 2623 364 2675 domitas
382 2639 485 2689 gentes,
502 2624 587 2675 turifer
596 2624 672 2684 inde,
691 2639 751 2675 tuas.
785 2688 789 2693 ι
895 2614 943 2677 7ὶο

177 2704 215 2753 Tu
226 2719 340 2770 quoque,
353 2703 473 2753 Thebane
487 2701 550 2752 mali
560 2702 654 2769 prada,
664 2704 770 2752 tacebere
780 2739 788 2763 ‚
800 2707 894 2763 matris3

209 2783 287 2847 Inque
305 2796 373 2830 ruunt
385 2780 452 2830 furiis
463 2816 472 2842 ‚
489 2783 539 2831 alie
549 2782 676 2847 Lycurge,
690 2798 761 2846 genu.
777 2806 783 2818 «

175 2860 239 2911 Ecce
257 2856 316 2910 libet
326 2860 416 2909 subitos
427 2860 518 2925 pisces,
530 2860 702 2926 Tyrrhenaque
712 2860 818 2909 monstra

207 2935 362 2987 Dicereased
373 2954 422 2987 non
431 2938 463 2987 est
471 2940 582 2987 carminis
591 2940 660 3004 hujus
671 2954 740 3004 opus.
769 2950 773 2961 ·
910 2994 914 3001 ¹

176 3012 299 3065 Carminis
309 3018 380 3079 hujus
391 3032 450 3081 opus
463 3051 471 3075 ‚
487 3018 567 3066 causas
578 3018 732 3082 expromere,
743 3034 817 3084 quare
893 3032 938 3079 725

207 3092 272 3144 Vilia
289 3110 346 3143 anus
359 3093 462 3160 populos
470 3092 502 3144 ad
511 3095 552 3144 sua
562 3094 612 3145 liba
621 3110 700 3147 vocet.

705 3174 730 3223 D
749 3178 773 3241 vj
