2334 3917
309 429 584 497 Tursrrurr
613 425 697 492 ω.
722 425 772 492 II.
839 424 905 509 187

187 544 221 597 At
230 562 309 608 nunc,
322 562 387 597 tanta
399 563 453 596 meo
461 562 542 596 comes
552 545 682 595 estiusenia
693 544 795 594 morbo!
925 543 951 593 ¹5

222 627 282 673 Saxa
291 642 372 673 meum
382 624 460 673 refero
470 625 547 673 rursus
556 621 587 674 ad
597 626 642 671 itia
651 622 747 687 pedem.

189 703 317 753 Scilicet&
324 706 398 752 ricius
408 704 494 767 reperit
505 698 624 765 gladiator
635 716 746 754 arenam,

220 780 252 830 Er
265 778 328 830 redit
338 784 364 829 iu
375 777 479 829 tumidas
490 778 606 842 naufraga
615 780 699 842 puppis
709 790 790 841 aquae.

187 858 314 919 Forsitan,
327 872 354 907 ur
367 854 490 923 quondam
499 856 657 905 Teuthrantia
664 870 737 919 regua
748 856 854 914 tenenti,

222 937 261 984 Sic
272 936 333 984 mihi
343 950 378 984 res
389 932 473 983 eadem
480 933 566 983 vulnus
576 948 697 997 opemque
708 931 786 990 feret3
922 935 954 968 ²0

188 1012 308 1079 Musaque
321 1028 410 1077 ‚quarn
420 1014 512 1065 movit,
523 1025 618 1059 motam
627 1025 725 1076 quoque
735 1009 809 1059 leniet
819 1011 890 1058 iram.

222 1090 327 1138 Exorant
338 1104 438 1154 magnos
449 1090 555 1137 carmina
566 1090 626 1152 saepe
637 1088 712 1136 Deos.

185 1166 238 1231 lpse
246 1182 342 1232 quoque
351 1168 464 1215 Ausonias
475 1165 555 1216 Caesar
564 1180 698 1230 matresque
709 1180 829 1231 uurueque

223 1242 338 1293 Carmina
346 1246 466 1308 turrigera
475 1242 553 1293 dicere
564 1246 632 1309 jussit
642 1243 699 1307 Opi.

186 1318 289 1370 Jufferat
299 1326 323 1371 δι
335 1323 426 1371 Phoebo
438 1321 502 1381 diti,
515 1336 564 1387 quo
573 1337 681 1385 tempore
690 1319 762 1371 iudos
922 1328 950 1374 η

211 1398 303 1458 recu,
315 1415 375 1464 quos
384 1414 439 1449 etas
448 1401 531 1464 aspicit
539 1398 675 1447 unaseruel.

185 1474 231 1525 His
239 1492 323 1540 precor
333 1477 446 1541 exemplis
457 1494 497 1527 rua
508 1494 588 1540 nunc,
600 1478 726 1525 mitissime
741 1473 839 1534 Caeser,

224 1554 275 1601 Fiat
284 1555 313 1602 ab
324 1556 421 1619 ingenio
432 1555 530 1603 mollior
541 1558 575 1603 ira
585 1571 649 1603 meo.

186 1629 234 1680 1112
244 1630 341 1696 quidem
352 1632 411 1697 Justa
420 1632 467 1691 est,
479 1648 523 1681 nec
535 1650 573 1681 me
584 1628 694 1681 meruiss'e
704 1629 811 1695 negabo:

221 1707 278 1756 Non
289 1706 350 1757 aded
360 1709 440 1757 nostru
450 1708 511 1773 fugit
519 1710 549 1759 ab
559 1726 601 1758 ore
609 1707 696 1773 pudor.

185 1780 251 1843 sed,
264 1788 308 1833 uisi
320 1782 468 1849 peccassem,
481 1784 540 1852 quid
550 1802 575 1835 tu
588 1782 718 1835 concedere
728 1778 823 1848 poss'eri

208 1859 347 1925 ,Materiam
356 1862 430 1908 veniae
442 1861 491 1907 sors
504 1860 547 1909 tibi
557 1858 636 1907 nostra
649 1854 726 1905 dedit.

184 1938 228 1995 si,
246 1940 340 2003 quoties
349 1940 459 1985 homines
471 1952 588 2001 peccaut,
604 1938 644 1984 sue
655 1933 758 1982 fulmina
770 1933 851 1981 mittat

219 2014 325 2078 Juppirer
336 2018 437 2079 3exiguo
447 2028 554 2082 tempore
562 2016 659 2063 inermis
669 2015 723 2061 erit.

185 2091 233 2141 Hic
248 2095 287 2141 ubi
295 2090 418 2151 detonuit,
433 2092 576 2158 strepituque
584 2092 698 2141 exterruit
707 2088 817 2147 orbem,'
919 2101 945 2146 ις

219 2168 307 2217 Pururu
317 2167 426 2219 discussis
434 2175 487 2219 ae'ra
497 2168 576 2219 reddit
583 2172 659 2237 aquis.

184 2246 239 2297 Jure
248 2248 320 2310 igitur
328 2250 469 2312 genitorque
477 2246 557 2297 Dedin
569 2252 691 2312 reeiotque
701 2258 820 2302 voratum

217 2324 271 2373 Jure
284 2339 356 2387 capax
369 2323 472 2373 mundus
481 2325 515 2373 nil
525 2326 583 2375 Jove
598 2329 675 2389 majus
684 2324 768 2372 haber.

184 2402 223 2453 Tu
235 2418 346 2469 quoque,
359 2404 414 2453 edm
426 2407 510 2455 Patria
521 2408 606 2455 Restor
617 2404 715 2461 dicare,
732 2403 865 2466 Paterque5

217 2480 290 2529 Utere
302 2498 368 2530 more
380 2483 426 2531 Dei
437 2500 526 2532 nomen
534 2485 642 2531 habentis
650 2479 725 2530 idem.
912 2482 946 2530 40

183 2556 258 2623 quue
273 2557 330 2607 facis
339 2577 344 2606 :
352 2574 395 2608 nec
406 2574 429 2609 te
440 2563 564 2625 quiequam
576 2558 722 2609 moderatius
732 2572 847 2623 umquam

217 2634 311 2698 imperii
320 2639 400 2700 potuit
410 2636 563 2687 frenatenere
570 2639 614 2684 sui.
806 2647 810 2651 “

183 2710 222 2761 Tu
234 2715 329 2762 veniam
342 2716 403 2777 parti
419 2714 530 2777 superata
543 2715 602 2777 saepe
613 2712 712 2773 dedisti,

216 2787 273 2837 Nou
288 2786 438 2839 concessurus
446 2806 518 2855 quam
529 2792 573 2839 tibi
583 2793 658 2840 ridor
667 2804 727 2841 erat.

181 2864 280 2915 Divitiis
290 2869 363 2916 eriam
372 2867 495 2919 multos&
507 2870 637 2918 honoribus
645 2871 725 2918 audior
908 2894 937 2942 45

214 2941 289 3002 Vidi,
301 2946 342 3009 qui
353 2944 457 2995 tulerant
465 2949 490 2994 in
501 2962 572 3011 caput
582 2964 648 2995 arma
658 2962 735 2995 tuum.

183 3020 287 3085 Quaeque
302 3020 351 3069 dier
363 3022 471 3083 bellum,
484 3024 541 3071 beili
552 3024 596 3073 tibi
608 3024 699 3073 sustulit
712 3028 789 3087 iram5

214 3098 315 3167 Parsque
327 3100 398 3151 simui
408 3100 504 3169 templis
514 3116 612 3171 utraque
624 3099 689 3154 dona
699 3102 764 3155 tulit.

922 1702 953 1748 30
