2334 3917
299 397 592 467 Frsrouurr
615 394 700 463 [ιι.
728 394 793 463 VI.
845 414 914 485 157

233 518 308 583 Etaie
323 537 336 571 e
348 505 439 587 templo
450 519 482 568 eii
493 520 543 584 ipsa
550 517 632 567 locuta
641 518 693 567 sno.

199 598 248 649 Ore
258 600 364 651 revelato
375 598 425 667 qud
434 598 539 664 primum
550 597 604 647 luce
617 596 708 662 patebit

233 680 343 738 Sertiur,
357 680 408 727 hac
423 679 496 742 potiti
511 680 590 742 prima
601 672 700 742 pudoris
710 677 763 723 erit.

200 756 307 817 Parcite,
326 770 464 821 niatronae,
477 757 563 805 vetitae
572 756 689 818 attingere
698 752 786 801 velita:

232 834 350 884 Sollemni
363 836 418 883 satit
429 833 462 883 eil
472 849 532 883 voce
541 848 640 881 movere
650 846 730 897 precer
741 846 750 887 ς

199 912 282 978 Sitque
296 928 369 979 caput
383 914 475 978 semper
486 913 597 975 Romano
608 912 680 959 tesius
694 910 798 964 amictu,

211 990 214 997 '
233 990 279 1050 Qui
299 992 349 1055 ilex
359 988 666 1057 innoslraseptiruusUrbe
679 986 734 1059 suin.

199 1066 293 1119 Arserat
303 1072 350 1119 hoc
360 1069 479 1140 ternplum
491 1086 498 1117 ι
509 1072 577 1133 siguo
588 1082 669 1119 tamen
679 1065 722 1115 ille
731 1066 838 1138 pepercit

232 1146 297 1211 ignit
311 1166 317 1195 a
327 1164 398 1213 opem
408 1162 467 1197 nato
478 1146 599 1197 Mulciber
606 1146 656 1211 ipse
667 1143 732 1213 tulit.

199 1223 311 1291 Namque
321 1240 388 1291 pater
398 1224 467 1275 Tulli
475 1222 615 1282 Vulcanus,
630 1223 727 1273 Ocresia
737 1235 814 1272 mater
820 1254 830 1282 ,

231 1302 353 1368 Praerignr'r
365 1303 426 1353 satie
437 1337 446 1363 ,
458 1301 622 1355 Corniculana
631 1301 687 1352 suit.

197 1378 267 1431 lianc
277 1382 356 1431 secum
367 1381 486 1447 Tanaquil
493 1414 502 1436 .
510 1382 580 1430 sacris
591 1378 622 1430 de
631 1396 699 1429 more
708 1382 814 1445 paratis,

231 1458 304 1509 lussit
317 1462 343 1508 in
353 1473 465 1509 ornatum
476 1457 577 1509 fundere
587 1456 743 1509 tinafocum.
762 1522 766 1529 .
867 1462 874 1473 '

197 1536 247 1587 llic
267 1541 331 1587 inter
346 1540 436 1589 cineret
446 1538 543 1587 obsceni
555 1536 716 1587 formavirilis

231 1618 280 1667 Ant
293 1614 340 1665 suit
351 1648 360 1680 ,
370 1632 411 1671 aut
421 1614 525 1667 risaeii:
537 1614 577 1665 scd
586 1616 634 1665 suit
642 1615 686 1665 illa
695 1618 780 1683 tnagis.

196 1691 261 1745 luffa
275 1694 333 1765 foco
346 1698 440 1763 captiva
450 1696 531 1745 fovet:
540 1710 668 1765 conceptus
679 1695 708 1744 ab
720 1693 763 1743 illa

230 1774 324 1823 Servius
332 1790 346 1823 a
354 1773 419 1841 celo
427 1776 517 1825 semina
525 1776 601 1839 &tntis
613 1774 693 1822 habet.

197 1852 304 1918 Signa
280 1848 347 1901 dedit
358 1832 480 1911 Genitor,
494 1867 546 1901 tum
557 1850 614 1900 clm
623 1864 694 1915 caput
703 1852 758 1914 igne
768 1849 867 1899 corusco
931 1862 937 1874 ·

231 1908 361 1995 Contigit,
374 1932 446 1997 inque
455 1929 528 2000 couri
539 1928 665 1979 flammeus
676 1933 733 1978 arsit
744 1945 811 1994 apex

198 2008 342 2075 Tequoque
352 1992 500 2074 magnifici,
518 2006 678 2069 Concordia,
689 1997 845 2058 dedicataede

231 2086 299 2137 Livia
310 2104 404 2155 ,quarn
420 2104 475 2139 caro
481 2086 717 2155 prestiticillaviro.

196 2164 269 2217 Disce
285 2165 825 2225 tamen,veniensaetas,ub1Lrttanuncest

229 2244 353 2303 Porticus,
371 2247 493 2295 immense
504 2246 563 2298 testa
573 2241 642 2314 fuusq
653 2243 748 2295 domis.

196 2324 268 2373 Urbis
277 2340 337 2389 opus
348 2321 435 2373 domuc
446 2339 493 2371 una
504 2322 568 2373 strat
581 2324 732 2393 spaunmque
742 2320 851 2379 tenebat
965 2380 969 2389 .

228 2402 285 2463 Quo
296 2404 388 2452 brevius
398 2418 472 2453 murts
482 2399 656 2479 oppidamulta
666 2415 757 2456 tenent
804 2448 807 2453 ,
846 2445 849 2451 ,
894 2386 910 2398 ”

195 2480 253 2531 Haec
267 2496 360 2547 aequata
366 2480 420 2531 solo
431 2479 480 2538 eii,
489 2462 558 2529 nullo
570 2481 612 2529 sub
620 2481 719 2531 crimine
727 2494 834 2549 regna
798 2510 809 2539 ,

227 2557 274 2617 Sed
284 2558 590 2629 qiualuxurrivrsanocere
598 2557 647 2607 sua
685 2602 689 2607 ,

193 2640 307 2699 Suiliuuit
316 2653 393 2691 tanus
401 2654 501 2704 operum
512 2638 647 2704 subvertere
656 2636 733 2687 molet
743 2672 752 2698 ,

226 2718 324 2784 Totque
335 2719 463 2781 suaalherer
472 2716 662 2784 qerdetessaesar
672 2733 737 2782 opes.

194 2798 232 2846 Sic
241 2799 319 2861 agitur
326 2797 434 2855 censura,
447 2800 471 2845 dc
482 2798 516 2845 ric
527 2795 636 2862 exempla
647 2809 777 2859 parantur,

226 2873 292 2924 Ctitn
305 2872 487 2940 vindex‚.alios
499 2871 567 2942 quod
579 2889 680 2943 rnonet,
690 2874 740 2939 ipse
750 2872 820 2943 facit.
850 2914 855 2922 .
876 2909 878 2918 ,

192 2951 267 3001 Nulla
275 2966 335 3003 nota
345 2952 394 3013 eil,
404 2950 514 3019 veniente
525 2951 579 3021 die,
593 2969 667 3019 quant
676 2950 763 3021 ducere
773 2954 857 3017 possis,

225 3028 306 3079 idibus
320 3033 409 3085 invisio
416 3032 471 3081 sunt
481 3029 536 3081 data
545 3033 635 3096 templa
644 3032 707 3081 lovi.
759 3092 762 3099 Ι

191 3106 224 3159 Et
239 3112 300 3175 jain,
308 3108 472 3177 Quinquatrus
481 3112 566 3176 jubeor
574 3126 668 3161 narare
677 3113 790 3161 minoret.

915 655 965 701 620
