2334 3917
319 346 386 426 360
458 338 899 409 P.0vrn11NAsourr

347 446 443 507 Intulit,
463 450 570 511 exposito
588 445 686 508 milite,
703 450 770 513 signa
787 449 864 498 Getis.

313 523 344 573 At
366 525 428 583 tibi,
450 528 574 589 progenies
592 524 637 573 alti
655 525 784 574 fortissima
801 526 902 585 Dauni,

266 604 296 649 30
345 601 417 650 Venit
431 605 457 653 in
471 600 582 653 adversos
596 604 700 667 impetus
716 606 750 652 ire
764 606 837 654 viros.

310 676 361 727 Nee
378 694 448 728 mora
465 698 471 727 r
493 678 634 744 conspicuus
651 679 722 744 longi
737 680 884 745 fulgentibus
900 686 987 744 armis,

341 754 424 805 fortia
440 772 470 805 ne
486 759 580 821 possint
595 755 656 807 fasta
672 757 762 817 latere,
783 774 850 808 caves
866 779 873 809 e

308 830 451 900 Ingentique
468 831 543 899 gradu
559 848 643 883 contra
659 832 795 900 ferrumque
811 835 962 903 locumque,

340 910 446 977 Saxaque
462 910 564 959 brumali
580 907 696 975 grandine
710 910 794 975 plura,
810 913 885 963 subis.

262 1006 290 1051 ,ς
309 986 360 1038 Nec
377 1003 400 1037 te
418 984 486 1037 missa
503 989 570 1052 super
587 988 722 1051 jaculorum
738 990 806 1038 turba
820 1006 949 1054 moranus,

340 1066 389 1117 Nee
407 1082 459 1133 quae
476 1067 572 1131 vipereo
590 1064 637 1113 tela
654 1082 737 1114 cruore
753 1065 861 1117 madent·

306 1142 401 1211 Spicula
418 1160 473 1193 turn
488 1145 555 1207 pistis
572 1144 670 1191 horrent
683 1145 709 1191 in
724 1142 814 1193 casside
831 1148 915 1208 pennis
932 1165 940 1195 e

338 1222 439 1287 Parsque
461 1218 509 1268 ferd
528 1220 588 1268 scuti
602 1219 700 1268 vulnere
715 1220 783 1269 nulla
793 1237 871 1271 vacat.

305 1298 356 1348 Nee
377 1314 461 1363 corpus
477 1299 577 1345 cunctos
588 1296 690 1346 feliciter
705 1295 790 1361 effugit
801 1300 877 1359 iilus3

252 1385 288 1431 40
336 1375 382 1425 Sed
395 1378 475 1435 minut
492 1374 524 1422 est
541 1377 590 1423 acri
604 1372 682 1423 laudis
697 1390 778 1423 amore
794 1372 877 1425 dolor.

301 1452 368 1504 Talis
383 1450 446 1519 apud
460 1452 560 1517 Trojarn
570 1450 663 1499 Danais
681 1467 724 1517 pro
739 1452 838 1502 navibus
852 1449 914 1520 Aja'x

332 1530 428 1581 Dicitur
446 1530 571 1579 Heiioreas
585 1527 715 1577 sullinuiffe
727 1528 799 1578 faces.

273 1595 276 1601 ¹
300 1608 335 1659 Ut
345 1608 440 1674 propius
454 1620 551 1657 venturu
563 1606 610 1666 eli,
622 1602 795 1671 commissaque
804 1604 900 1658 dextera
911 1606 1011 1669 dextre,

332 1688 425 1753 Resque
445 1684 497 1735 fero
513 1686 593 1749 potuit
611 1684 719 1731 cominus
730 1685 784 1731 ense
795 1686 862 1748 μᾶς

250 1782 279 1832 ⁴5
298 1764 385 1815 Dicere
400 1762 498 1815 difficile
513 1760 562 1820 est,
582 1758 641 1825 quid
655 1760 720 1809 Mars
735 1775 788 1809 tuus
806 1763 880 1825 egerit
887 1760 957 1819 illic,

330 1844 444 1909 Quotque
455 1842 506 1890 neei
519 1836 628 1898 dederis,
639 1854 764 1903 quosque,
777 1839 908 1904 quibusque
920 1836 1010 1889 modis.

211 1946 213 1953 v
295 1920 356 1971 Ense
375 1935 416 1970 tuo
436 1920 508 1969 lacios
529 1915 637 1966 calcabas
653 1917 728 1965 vilior
744 1930 857 1973 acervom

327 1998 491 2063 impositoque
508 1994 579 2044 Getes
598 1993 641 2040 sub
658 1989 718 2056 pede
731 1992 820 2041 multus
833 2006 891 2041 erat.

296 2077 389 2140 Pugnat
403 2072 434 2123 ad
450 2069 587 2135 exemplum
605 2069 679 2117 Primi
694 2072 773 2118 minor
787 2066 871 2117 ordine
886 2068 952 2117 Pili:

246 2155 278 2209 50
326 2149 452 2214 Multaque
469 2147 515 2195 fert
530 2145 600 2194 miles
612 2144 729 2206 vulnera,
746 2144 822 2195 multa
841 2144 908 2194 facit.

293 2228 340 2283 Sed
360 2224 453 2277 tanturn
472 2226 546 2275 virtus
565 2222 625 2271 alios
643 2234 684 2269 tua
702 2224 806 2287 preterit
819 2239 924 2283 omues,

325 2310 387 2358 Ante
408 2306 469 2354 titos
489 2298 605 2368 quantum
624 2297 725 2363 Pegasus
742 2301 792 2349 ibat
805 2315 897 2365 equos.

292 2388 404 2439 Vincitur
421 2380 482 2446 AEgy
501 2380 551 2438 sos·,
571 2376 700 2441 testataque
719 2394 813 2443 tempus
830 2381 856 2426 in
870 2395 945 2429 omne

324 2465 384 2514 Sunt
400 2474 461 2522 tua,
480 2397 597 2517 lenuis,
615 2458 719 2506 carmine
735 2455 795 2508 fasta
808 2471 875 2507 meu.

1079 757 1084 785 l
