2334 3917
305 426 586 493 Tartarum
618 419 719 489 ΜΒ.
749 409 794 490 V.
840 437 904 509 25¹

190 544 230 594 Sic
241 560 305 610 ego,
322 546 464 594 Sarmaticas
479 542 551 609 longi
561 546 679 610 projeilus
689 547 715 593 in
724 559 792 604 oras,

215 621 311 672 ‘Efficio
324 627 464 673 tacitumne
476 625 537 670 mihi
548 621 619 670 funus
629 635 676 670 eat.

190 699 295 750 Delicias
307 703 388 767 siquis
400 701 534 767 lascivaque
545 703 652 750 carmina
660 703 763 766 quaerit,
929 705 957 756 ¹5

223 779 365 830 Praemoneo
375 795 509 844 numquam
522 780 608 843 scripta
622 776 688 844 quod
700 777 742 826 ista
753 778 825 842 legat.

191 855 340 922 Aptiorhuic
349 856 448 916 Gallus,
460 854 591 922 blandique
600 857 735 921 Propertius
746 859 805 905 oris:

224 934 325 1000 Aptior,
337 937 461 1000 ingenium
471 949 555 989 tome,
568 934 680 983 Tibullus
691 937 743 983 erit.

192 1013 271 1078 Atque
281 1016 374 1063 utinam
382 1028 484 1062 numero
492 1029 522 1065 ne
530 1028 574 1061 uos
585 1009 686 1062 effemus
697 1017 721 1062 iu
730 1001 787 1062 illo!
862 1011 866 1022 '

225 1091 271 1140 Hei
281 1093 342 1140 mihi
353 1092 360 1141 l
374 1107 416 1140 cut
425 1106 542 1156 umquam
553 1090 624 1140 Musa
634 1094 713 1156 jocata
723 1107 776 1140 mea
786 1090 836 1139 esti
929 1094 960 1129 ²0

191 1166 238 1217 Sed
250 1166 359 1218 dedimus
369 1185 464 1234 poersas:
474 1171 627 1234 Scythicique
637 1171 662 1217 in
674 1168 760 1218 finibus
772 1170 821 1218 lstri

224 1245 268 1294 Ille
277 1249 405 1311 pharetrati
416 1246 480 1296 lusor
490 1248 585 1296 Amoris
596 1247 669 1297 abest.

191 1322 267 1386 Quod
278 1325 391 1389 superest,
404 1328 497 1374 animos
509 1323 541 1374 ad
555 1323 652 1390 publica
663 1328 768 1374 carmina
779 1323 848 1384 flexi,

225 1402 256 1451 Et
266 1419 384 1453 memores
394 1406 452 1469 jussi
461 1405 567 1452 nominis
577 1399 623 1451 eise
634 1392 678 1451 sui.

191 1481 216 1529 Si
227 1493 308 1530 tamen
318 1498 330 1529 e
340 1482 409 1531 tobis
416 1481 517 1548 aliquis,
533 1496 583 1530 tam
598 1480 692 1539 multa,
708 1483 812 1546 requiret
824 1517 832 1541 ‚
927 1487 956 1538 ²5

226 1556 297 1608 Unde
306 1557 412 1609 dolenda
421 1575 505 1609 canam
515 1577 523 1617 3
535 1560 612 1608 multa
622 1556 726 1608 dolenda
739 1560 793 1608 tuli.

189 1635 249 1686 Non
259 1638 309 1686 hac
319 1639 435 1702 ingenio,
449 1653 499 1686 non
510 1638 561 1685 bec
575 1631 745 1700 comperimus
757 1653 822 1686 arte:

224 1714 326 1764 Materia
338 1715 372 1764 est
380 1717 482 1781 propriis
490 1717 613 1780 ingeniosa
623 1701 702 1764 malis.

191 1793 224 1844 Et
232 1808 308 1860 quota
318 1795 429 1844 Fortuna:
439 1809 492 1859 pars
503 1793 536 1842 eil
544 1796 570 1842 in
580 1796 686 1842 carmine
693 1792 794 1844 nostre?

225 1872 305 1930 Felix,
317 1875 358 1938 qui
367 1876 470 1937 patitur,
481 1887 535 1938 qua·
546 1887 670 1920 numerate
679 1870 756 1920 valet!
929 1881 960 1927 30

192 1947 260 2010 Quot
270 1949 368 1998 fruticet
378 1950 460 2010 silva,
474 1965 536 2016 quot
547 1948 620 2000 flavas
631 1950 711 1998 Tibris
723 1965 820 2005 menas,

223 2027 313 2077 Mollia
320 2042 381 2094 quot
391 2029 475 2078 Martis
486 2030 594 2092 gramina
603 2043 700 2093 campus
712 2029 782 2077 babet
793 2045 800 2086 3

190 2105 243 2155 Tot
252 2105 317 2155 mala
327 2106 468 2172 pertulimus
477 2124 483 2154 s
492 2121 597 2172 quorum
608 2103 726 2156 medicina
735 2110 849 2172 quiesque

223 2183 315 2243 Nulla,
326 2187 371 2234 nisi
381 2187 406 2233 in
417 2182 495 2233 studio
505 2183 691 2252 Pieridumque,
704 2201 771 2234 mora
780 2185 820 2234 est.

191 2259 253 2321 Quis
261 2261 323 2316 ribi,
332 2261 414 2321 Naso,
426 2260 512 2312 modus
525 2263 653 2326 lacrymosi
664 2265 775 2314 carminis
786 2265 794 2311 l
807 2263 896 2328 inquis.
928 2280 955 2326 35

224 2336 293 2388 idem
303 2372 311 2398 ,
326 2340 436 2389 Fortuna
445 2343 487 2405 qui
497 2338 585 2389 modus
594 2343 663 2407 hujus
671 2344 724 2390 erit.

191 2414 265 2477 Quod
273 2433 372 2483 querar,
383 2418 426 2469 illa
433 2421 493 2466 mihi
504 2418 577 2482 pleno
588 2417 618 2468 de
628 2419 695 2468 fonte
701 2419 833 2470 ministrat:

225 2494 277 2544 Nec
287 2512 342 2544 mea
350 2497 420 2551 sunt,
432 2495 476 2544 fati
486 2496 558 2545 verba
568 2495 610 2546 sed
619 2497 661 2546 iila
669 2501 726 2546 mei.

189 2571 222 2622 At
230 2573 290 2621 mihi
298 2575 317 2622 si
324 2573 379 2622 card
384 2576 485 2638 patriam
492 2589 547 2622 cum
558 2579 660 2640 conjuge
668 2573 767 2636 reddas,

223 2652 275 2701 Sint
285 2651 365 2701 tultus
374 2652 580 2719 hilaret,simquc
590 2651 657 2719 quod
667 2669 721 2704 ante
733 2655 777 2705 fui.
925 2671 959 2715 4⁰

188 2723 278 2780 lenior
289 2732 371 2779 intitii
385 2734 404 2778 si
415 2733 446 2780 sit
455 2734 516 2779 mihi
525 2731 685 2793 Caesarisira,

221 2805 341 2857 Carmina
350 2808 438 2856 laetitiae
451 2813 500 2874 jam
511 2809 555 2857 tibi
565 2809 636 2874 plena
647 2809 718 2860 dabo.

187 2883 241 2934 Nec
250 2898 331 2934 tamen
342 2900 369 2935 ut
377 2885 435 2936 lusit
446 2920 454 2945 ,
466 2888 544 2935 rursus
551 2903 612 2936 ‘mea
624 2887 692 2938 litera
703 2889 784 2940 ludets
813 2895 815 2905 '
903 2878 911 2894 ⁸

221 2963 257 3012 Sit
266 2962 340 3012 semel
350 2964 394 3013 illa
403 2967 461 3030 Joto
471 2963 588 3014 luxuriata
599 2967 651 3015 suo.
692 2975 696 2984 '
762 2977 765 2984 '

187 3038 264 3102 Quod
270 3042 631 3108 probetlpse‚cansmspoeme,
644 3043 730 3108 modi,
743 3063 808 3114 parte
818 3051 906 3113 levati,
926 3071 955 3120 *ll

220 3117 717 3190 BarbariemrigidoteffugiamqueGetas.
872 3145 876 3160 ¹
952 3107 959 3150 ἶ

734 3206 792 3272 Ltj
