2334 3917
273 415 317 482 54
388 385 430 457 P.
468 390 623 457 Ovum
653 368 849 459 NAso'nas

301 514 332 561 Et
346 513 434 577 septem
445 515 524 577 nigras
534 512 614 561 versat
623 513 650 560 in
660 528 702 560 ote
710 511 785 562 fabas.

270 588 389 655 Quodque
400 592 451 655 pice
466 588 590 637 adstrinxit
602 625 610 648 ‚
622 588 689 655 quod
698 606 742 639 acu
754 593 848 656 trajecit
859 588 954 652 aheni,

301 667 420 716 Obsutum
431 683 513 719 mene
525 682 601 716 torret
612 674 638 716 in
648 672 704 733 igne
715 683 796 734 caput.

267 746 331 795 Vina
340 762 437 814 quoque
450 745 549 795 instillat
558 764 564 793 t
577 749 629 795 vini
638 746 809 813 quodcumque
817 748 925 799 relisium
934 746 969 797 esi
978 778 989 809 ,

124 831 132 853 ⁸
221 821 268 884 580
303 825 350 873 Aut
365 826 430 889 ipsa,
451 838 491 873 aut
502 828 622 881 comites,
642 825 694 888 plus
709 840 791 875 tamen
803 829 867 890 ipsa,
884 825 955 875 bibit·

271 902 374 953 Hostiles
388 903 481 969 linguas
492 905 638 965 inimicaque
650 905 770 953 vinximus
780 920 839 963 ota,

304 982 371 1030 Dicit
387 979 524 1039 discedens,
544 980 655 1047 ebriaque
672 984 720 1030 exit
731 997 798 1047 anus,

272 1060 404 1109 Forsitana
418 1060 504 1117 nobis,
527 1074 580 1124 quae
594 1062 625 1107 sit
636 1059 687 1107 Dea
701 1060 790 1120 Muta,
809 1060 923 1124 tequiraa·

305 1138 391 1196 Disce,
403 1154 444 1201 per
458 1139 570 1201 antiquos
580 1154 633 1201 que
644 1141 705 1186 mihi
715 1130 773 1187 nota
783 1140 858 1187 senes.

223 1224 233 1273 5
242 1208 267 1271 ⁸5
272 1218 380 1281 iuppiter
390 1213 511 1264 indomito
524 1216 630 1264 luturnae
640 1232 722 1279 captus
733 1232 815 1268 amore

306 1294 386 1343 Multa
398 1294 469 1353 tulit,
482 1309 549 1345 tanto
561 1310 611 1355 nen
619 1294 731 1359 patienda
741 1294 806 1343 Deo.

273 1372 320 1422 llla
332 1369 407 1423 modb
418 1375 443 1420 in
460 1372 525 1422 silvis
537 1375 599 1421 inter
610 1373 718 1435 coryleta
725 1373 815 1425 latebat
825 1390 833 1423 a

307 1450 378 1501 Nunc
394 1454 420 1499 in
436 1466 551 1516 cognatas
569 1448 696 1501 desiliebat
705 1468 786 1516 aquas.

275 1530 404 1582 Convocat
413 1532 450 1579 hic
457 1529 592 1595 Nymphas,
601 1530 708 1588 Latium,
716 1544 880 1596 quotcumque
887 1525 993 1579 tenebant

224 1624 276 1675 590
310 1608 340 1658 Et
351 1609 444 1672 jacit-in
454 1605 535 1655 medio
547 1607 605 1657 talia
614 1608 685 1656 verba
696 1610 785 1657 choro:

277 1683 371 1736 Invidet
383 1686 433 1750 ipsa
448 1686 510 1744 sibi,
530 1688 638 1750 vitatque
648 1683 716 1751 quod
728 1684 823 1750 expedit
839 1684 894 1744 illi,

309 1764 391 1813 Vestra
409 1765 475 1812 soror
492 1764 588 1812 summo
598 1767 696 1828 jungere
708 1766 816 1813 membra
829 1762 893 1811 Deo.

278 1841 405 1893 Consulite
422 1842 553 1891 ambobus:
565 1858 622 1890 nam
633 1858 685 1908 que
697 1859 751 1891 mea
760 1857 848 1906 magua
856 1840 967 1907 voluptas
972 1872 983 1901 ,

163 1968 164 1971 ,
310 1920 408 1971 Utilitas
422 1920 501 1970 vestrae
517 1936 605 1985 magna
615 1922 700 1970 sororis
714 1924 768 1970 erit.
974 1920 977 1926 '

232 1998 329 2058 595V0s
348 1998 385 2047 illi
396 2001 420 2046 in
432 1997 509 2063 primi
524 1996 626 2062 fugienti
636 1998 740 2047 obsistite
751 1997 803 2065 ripd
812 2032 823 2054 ‚

311 2076 349 2125 Ne
361 2077 402 2125 sua
412 2074 525 2124 fluminei
536 2092 637 2140 corpora
648 2092 740 2142 mergat
749 2076 822 2143 aqua.

278 2154 378 2203 Dixerat
388 2172 394 2202 t
405 2168 538 2203 annuerunt
551 2170 635 2202 omnes
646 2154 796 2204 Tiberinides
808 2152 880 2209 ude.

313 2232 418 2297 Quaeque
435 2232 519 2281 colunt
534 2232 666 2287 thalamos,
683 2233 727 2283 llia
743 2231 816 2292 diva,
831 2248 896 2282 tuos.

280 2308 350 2358 Forte
363 2309 409 2358 fuit
425 2309 504 2370 Nais,
520 2311 578 2359 Lata
589 2313 687 2360 nomine
700 2329 707 2358 t
718 2315 795 2375 prima
805 2310 846 2361 sed
859 2310 898 2362 illi

232 2399 279 2437 ‘eo
314 2386 383 2435 Dicta
400 2388 435 2435 bis
453 2391 577 2454 antiquum
590 2388 682 2451 syllaba
694 2405 784 2438 nomen
796 2404 863 2451 etat,

281 2465 315 2514 [x
331 2468 391 2515 vitio
405 2469 520 2532 positum.
533 2468 598 2531 Saepe
606 2467 643 2515 illi
654 2465 745 2517 dixerat
752 2467 837 2527 Almo,

313 2543 395 2605 Nata,
409 2559 462 2593 tene
474 2545 580 2609 linguam
592 2562 598 2591 t
608 2561 651 2593 nec
662 2560 743 2593 tamen
753 2545 796 2594 illa
807 2561 880 2595 tenet.
969 2571 978 2587 e

282 2621 357 2682 Quae,
374 2622 447 2671 simul
464 2638 490 2671 ae
505 2626 585 2687 tetigit
594 2623 700 2672 Iuturnae
710 2624 907 2688 stagnasotoris,

315 2699 417 2765 Effuge,
429 2704 462 2750 ait
472 2736 480 2755 ,
492 2702 552 2766 ripas
564 2719 571 2749 t
582 2699 645 2750 ditia
654 2701 774 2767 refertque
784 2703 860 2753 lovis.

234 2778 328 2841 co5llla
346 2783 418 2829 etiam
429 2781 546 2829 lunonem
558 2778 635 2840 adiit,
648 2782 804 2845 miserataque
813 2796 932 2845 nuptam,

317 2854 397 2904 Naida
412 2857 536 2906 summam
547 2862 584 2909 vir
593 2873 667 2918 auus,
682 2860 776 2924 inquit,
792 2872 866 2908 amat.

284 2934 393 2999 luppiter
402 2937 518 2985 intumuit
529 2954 535 2985 t
547 2937 643 3003 quaque
654 2938 745 2987 estnon
759 2938 799 2987 usa
813 2935 933 2993 modesti,

319 3012 412 3076 Eripuit
429 3013 534 3077 linguam
547 3033 553 3063 ε
566 3016 761 3081 Mercuriumque
775 3030 877 3073 moneta

286 3088 340 3138 Duc
351 3124 361 3146 ,
378 3092 428 3151 ait,
441 3089 471 3141 ad
482 3092 565 3145 Manes
577 3111 583 3142 ι
595 3093 662 3144 locus
673 3093 714 3145 ille
724 3094 847 3145 silentibus
857 3108 936 3162 aptot·
