2334 3917
292 401 359 445 212
432 379 482 471 Ρ.Ι
504 383 657 452 Ονιυιι
676 389 871 459 Nasours

322 497 407 549 Dicere
418 517 478 566 quos
488 507 560 567 cupio
572 507 671 556 nomine
683 525 803 576 quemque
814 514 866 562 suo.

240 582 270 639 65
290 574 336 625 Sed
352 579 426 626 rimor
438 577 547 629 officium
557 599 639 632 cautus
649 589 779 650 compescit
786 606 795 649 ;
805 594 829 640 bt
842 593 906 656 ipsos

321 649 349 696 iu
363 651 445 700 nostro
453 656 520 716 ⁴poni
537 660 643 705 carmine
654 659 720 708 nolle
731 677 799 726 puro.

287 723 350 771 Ante
363 723 481 775 volebatis
492 763 501 787 ‚
520 736 628 796 gratique
643 748 692 782 erat
703 736 773 785 instar
784 741 901 800 honoris,

271 814 273 817 ·
320 802 433 852 Versibus
442 808 468 853 in
479 807 562 856 nostris
575 815 676 860 uomina
686 812 760 862 vestra
771 815 829 880 legi.

289 876 363 938 Quod
373 885 488 946 quoniam
499 884 531 932 est
538 901 623 950 anceps
633 892 711 948 ,intra
718 907 772 940 mea
780 896 876 956 pectora
884 911 1006 964 quemque

241 971 273 1018 70
323 958 561 1024 Alloquarr&nulli
573 967 642 1014 causa
654 970 747 1016 timoris
755 985 806 1018 ero.
929 1029 931 1032 ¹

289 1034 340 1086 Nec
357 1055 423 1086 meus
437 1037 528 1088 indicio
539 1040 659 1092 latitantes
669 1046 748 1094 versus
760 1049 852 1096 amieos

321 1118 445 1165 Protrabet
454 1135 460 1163 ι
469 1115 563 1166 occulti
574 1120 653 1184 siquis
664 1125 754 1172 amavit
766 1157 774 1182 ‚
791 1139 864 1173 amet.
900 1166 904 1174 .

288 1197 350 1244 Scite
367 1209 461 1249 tamen,
479 1197 588 1259 quamvis
601 1194 674 1262 longi
684 1201 781 1262 regione
795 1215 904 1250 remotus

322 1274 425 1332 Absim‚
444 1287 487 1322 vos
499 1275 579 1322 animo
591 1274 681 1338 semper
695 1271 772 1324 adesse
787 1293 851 1326 meo.

240 1362 269 1408 75
292 1351 335 1410 Et,
354 1349 428 1416 quim
438 1352 538 1415 quisque
549 1351 640 1416 potest,
653 1351 734 1418 aliqui
745 1354 810 1404 mala
819 1355 898 1406 nostra
909 1357 1004 1410 levares

320 1427 405 1477 fidam
415 1429 520 1493 projecto
530 1444 591 1478 neve
602 1445 687 1494 negare
698 1446 806 1480 manum.

289 1511 401 1574 Prospera
415 1510 448 1556 sic
458 1508 527 1556 vobis
538 1524 633 1559 maneat
647 1510 751 1560 fortuna
763 1528 769 1560 r
781 1526 825 1560 nec
836 1525 955 1576 umquam

325 1586 437 1638 Conraffl
446 1583 519 1635 simili
528 1586 591 1635 sorte
599 1590 687 1652 rogetis
697 1604 778 1652 opem.
967 1597 969 1602 '

256 1690 989 1792 'e--ss-*ffikflssaev

479 1861 723 1926 ELEGIA
762 1863 803 1926 V.

293 1961 378 2084 υς
388 2043 428 2078 us
444 2024 555 2076 amicitiae
570 2039 649 2076 tecum
664 2024 724 2076 mihi
734 2039 836 2090 parvus,
852 2039 879 2077 ut
896 2023 967 2080 illam

321 2105 379 2156 Non
393 2105 453 2170 aegri
463 2102 539 2170 posses
553 2097 723 2165 dissimulare,
741 2103 806 2163 fuit3

289 2186 323 2236 Ni
336 2201 375 2234 me
387 2183 525 2248 complexus
539 2183 625 2230 vinclis
635 2184 786 2250 propioribus
797 2179 856 2232 esses
863 2215 873 2246 ,

320 2263 388 2314 Nave
402 2262 457 2311 snei
468 2276 542 2309 vento
553 2260 634 2310 forsan
644 2277 714 2310 eunte
727 2263 778 2310 suo.

255 2359 269 2405 ,5
289 2341 324 2391 Ut
344 2337 440 2398 cecidi,
458 2340 583 2403 cunstique
595 2352 661 2387 metu
677 2337 757 2403 sugite
770 2339 861 2399 quinae,

322 2419 441 2482 Versaque
452 2417 563 2465 amicitiae
575 2429 641 2480 terga
654 2413 739 2465 dedirc
750 2433 824 2475 meae5

289 2498 364 2547 Ausus
374 2513 399 2544 es
409 2499 464 2560 igne
473 2495 538 2543 Jovis
550 2491 684 2558 percussum
695 2508 790 2558 tangere
802 2510 903 2559 corpus,

321 2575 353 2625 Et
364 2573 492 2639 deploratae
502 2571 576 2621 limen
587 2568 652 2620 adire
666 2567 760 2620 domits.

292 2651 366 2719 quue
379 2666 460 2700 recens
471 2649 578 2714 prestas,
598 2663 641 2696 nec
654 2647 729 2712 longo
744 2651 854 2712 cognitus
871 2649 931 2710 usu,

243 2728 273 2764 ¹⁰
321 2728 395 2790 Quod
405 2743 511 2779 veterum
526 2726 612 2775 misero
626 2728 665 2776 vix
681 2722 730 2774 duo
746 2739 821 2775 tresve
834 2728 903 2776 mihi.

240 2849 242 2853 .
289 2807 346 2858 vidi
361 2823 405 2871 ego
416 2805 528 2855 confusos
538 2802 633 2862 vultus,
645 2803 755 2868 visosque
766 2807 848 2866 notavi
861 2821 869 2862 3

321 2885 401 2950 Osque
419 2882 519 2932 madens
526 2881 599 2942 fletu,
612 2878 771 2947 pallidiusque
782 2897 856 2931 meo:

288 2961 320 3010 Et
336 2962 444 3010 lacrimas
454 2975 550 3009 cernens
564 2962 590 3008 in
601 2957 694 3024 singula
702 2959 774 3009 verba
786 2957 896 3008 cadentes
907 2993 916 3022 ,

321 3038 369 3086 Ore
385 3054 441 3086 meo
456 3036 571 3099 lacrymas
583 3071 592 3096 ‚
608 3037 702 3086 auribus
713 3035 755 3085 illa
766 3037 831 3084 bibi:

244 3113 270 3165 ¹5
290 3115 435 3182 Brachiaque
451 3118 530 3181 accepi
539 3114 623 3165 mesto
634 3112 763 3182 prudentia
776 3113 858 3169 collo,
