2334 3917
266 434 331 501 392
382 410 874 479 P.0rrnrrNas0urs

295 533 343 597 lpse
354 534 396 581 suo
408 532 494 581 melitis
503 534 617 597 sanguine
629 534 700 582 tinxit
710 536 820 582 humum.

263 608 373 659 Proditor
384 624 409 659 ur
420 612 474 659 saevi
485 613 556 675 periit
567 614 649 675 auriga
659 615 770 673 tyranni,

217 702 263 750 37⁰
295 687 343 747 Qui
354 702 418 737 noua
427 688 532 752 Myrtoae
543 692 641 739 nomina
653 688 710 738 fecit
720 705 798 755 aque.

266 764 299 813 Ut
308 767 350 831 qui
360 765 471 817 velocem
482 766 565 817 frustra
576 770 665 833 petiere
674 767 794 832 puellam,

296 842 364 893 Dum
374 858 444 909 capta
454 844 487 893 est
496 848 575 910 pomis
585 843 675 894 tardior
684 845 727 894 illa
736 846 822 895 tribus.

264 920 301 971 Ut
312 924 354 988 qui
364 922 424 972 teria
434 925 491 975 novi
502 922 606 973 formam
616 922 718 972 celantia
727 922 827 971 monstri

299 1000 421 1049 Intrarunt
432 1016 557 1050 carcenos
569 998 691 1050 redeunda
700 998 797 1049 domris.

222 1076 305 1139 375Ur
314 1092 418 1142 quorum
428 1075 538 1129 AEacides
549 1080 617 1127 misit
629 1078 749 1127 violentus
767 1081 793 1126 in
808 1075 871 1127 altos

303 1154 414 1222 Corpora
424 1172 479 1205 tum
490 1158 549 1205 serris
560 1156 634 1205 altera
644 1158 698 1205 sena
708 1172 789 1222 rogos.

234 1290 237 1295 ¹
270 1233 307 1283 Ut
316 1249 394 1299 quos,
407 1234 500 1283 obscuri
513 1233 576 1283 lusos
586 1234 725 1299 ambagibus
735 1236 799 1295 oris,

304 1311 416 1375 Legimus
426 1309 530 1361 infande
545 1314 651 1377 Sphinga
668 1309 757 1361 dedille
770 1312 834 1361 neci.

273 1388 308 1437 Ut
318 1390 360 1453 qui
371 1388 479 1438 Bistonia
490 1388 582 1454 templo
593 1387 700 1439 cecidere
709 1390 825 1439 Minerva
836 1406 843 1437 e

174 1502 177 1511 .
229 1460 273 1521 380
305 1466 404 1531 Propter
415 1465 482 1533 quqd
493 1467 565 1517 facies
575 1483 639 1517 nurse
649 1484 746 1534 quoque
756 1469 815 1516 teitu
825 1465 886 1515 Deae
896 1465 940 1515 eii.

275 1544 310 1595 Ut
320 1548 363 1611 qui
373 1545 480 1594 Threicii
489 1543 613 1611 quondam
623 1547 733 1610 presepia
743 1547 804 1609 regis

308 1624 424 1674 fecerunt
432 1621 532 1688 dapibus
542 1623 726 1689 sanguinolenta
733 1624 788 1672 suis.

277 1700 499 1753 Therodamanrios
508 1716 534 1751 ut
544 1705 587 1767 qui
597 1701 681 1767 pavire
692 1700 790 1761 leones,

311 1780 406 1847 Quique
417 1780 547 1830 Thoanti:
559 1781 663 1830 Taurica
673 1781 737 1829 sacra
747 1776 808 1829 deae.

233 1854 314 1919 3l5Ut
324 1872 385 1923 quos
394 1856 475 1921 Scylla
483 1874 556 1909 vorax
575 1858 708 1924 Scyllaque
718 1856 813 1908 adversa
822 1854 983 1919 Charybdis,

312 1932 432 1985 Dulichiae
442 1934 541 2000 pavidos
552 1939 658 2001 eripuere
669 1940 714 1986 rati
725 1956 733 1986 e

280 2011 316 2061 Ur
325 2028 386 2078 quos
396 2010 492 2062 demisit
503 2014 592 2065 valiam
605 2015 766 2080 Polyphemus
776 2016 802 2064 in
813 2012 895 2064 alvum
907 2031 916 2063 e

313 2089 350 2138 Ut
359 2090 529 2155 Lestrygonia
539 2096 581 2157 qui
592 2094 684 2142 subiere
693 2092 789 2143 domos.

283 2166 317 2216 Ut
329 2182 388 2232 quos
398 2165 446 2215 dus
458 2168 544 2217 Pccrrus
554 2172 637 2218 mersit
646 2170 780 2234 putealibus
791 2168 877 2238 undis,

238 2261 284 2311 39⁰
316 2247 347 2295 Et
357 2248 419 2311 jaiio
429 2262 497 2295 canas
508 2246 605 2311 pulvere
615 2247 674 2297 fecit
683 2265 766 2314 aquas.

285 2326 328 2377 Sex
340 2326 376 2374 bis
390 2340 416 2375 ut
428 2322 532 2376 Icaridos
545 2323 643 2375 famule
661 2328 751 2390 periere
764 2329 895 2392 procique,

220 2464 224 2468 ,
318 2403 393 2470 lnque
403 2417 475 2468 caput
484 2401 578 2452 domini
590 2405 632 2468 qui
642 2401 714 2452 dabat
725 2421 790 2454 arma
801 2407 889 2470 procis.

285 2483 321 2533 Ut
331 2487 393 2547 iacet
404 2482 484 2531 ilonio
494 2480 596 2530 luilator
605 2481 636 2529 ab
648 2482 741 2547 bospite
752 2482 835 2543 fusus,

320 2561 385 2622 Qui,
397 2562 485 2608 mirum
495 2559 502 2607 l
514 2560 590 2609 viiior
600 2594 608 2620 ‚
620 2558 676 2608 culm
687 2556 825 2621 cecidisset,
840 2574 901 2610 erar.
947 2583 952 2597 ·

243 2638 324 2699 395Ut
334 2654 394 2705 quos
405 2639 481 2687 Antei
494 2636 567 2688 fortes
577 2635 678 2703 pfeffere
689 2638 786 2697 lacerti,

323 2717 436 2782 Quosque
447 2716 501 2765 ferae
512 2718 584 2765 morti
595 2716 694 2765 Lcmnia
703 2717 771 2764 turba
781 2712 857 2764 dedit.

290 2798 326 2847 Ut
335 2797 377 2860 qui
385 2794 436 2859 post
447 2793 547 2857 longum
556 2794 615 2843 sacri
626 2793 770 2841 monstrator
778 2793 856 2856 iniqui

325 2874 415 2922 Elicuit
424 2871 515 2936 pluvias
525 2904 534 2930 ,
546 2873 643 2921 viiiirna
655 2873 744 2924 casus,
756 2885 836 2935 aquas.

294 2953 374 3000 frater
384 2965 411 2999 ut
422 2950 497 2999 hntael
507 2984 515 3009 ,
527 2964 576 3016 quo
587 2951 699 3013 sanguiue
709 2947 808 3006 debuit,
821 2964 872 2997 aras

245 3044 294 3091 400
328 3030 425 3086 Tinxit;
443 3027 467 3075 tc
485 3026 599 3091 exemplis
613 3024 705 3075 occidit
717 3026 765 3089 ipse
780 3025 835 3073 suis.

296 3106 330 3155 Ut
340 3110 382 3174 qui
393 3105 525 3170 terribiles,
537 3122 582 3171 pro
593 3120 693 3173 mamers
702 3104 842 3154 habentibus
852 3102 931 3153 herbis
938 3139 951 3167 ,
