2334 3917
298 378 365 462 29’3'
414 372 457 440 P.
497 373 654 438 Ovrorr
691 373 888 442 Nasours

327 495 392 546 Ceirn
404 494 526 560 fugerem,
537 495 594 542 vivo
606 509 664 560 quas
675 491 742 544 dedit
752 494 793 543 iile
806 497 875 544 mihi.

296 573 410 624 Carmina
419 577 471 638 jure
483 570 567 623 damur
581 589 647 622 raros
661 573 768 622 testantia
779 590 874 631 mores,

327 648 361 697 Ut
375 663 416 698 tua
428 652 524 698 venturi
537 651 652 708 nomina,
671 648 759 709 celse,
778 647 867 714 legant.

243 742 271 786 ⁴5
294 727 347 776 Hoc
359 726 409 786 est,
425 725 492 793 quod
507 723 602 791 poss'um
614 726 704 775 Geticis
722 728 766 775 tibi
781 729 875 776 mittere
890 725 919 774 ab
932 727 1008 774 arvia:

326 806 380 855 Hoc
392 804 471 854 solum
482 805 515 854 est
525 805 590 858 istic,
603 801 670 870 quod
686 805 761 870 liquet
775 801 821 853 eise
838 820 929 852 meum.

96 873 97 892 ¹
191 935 194 942 ,
294 883 386 934 Funera
402 900 445 934 nec
462 886 531 949 potui
545 885 680 942 comitare,
700 899 744 932 nec
760 898 847 947 ungere
865 899 950 948 corpur
969 899 977 930 e

332 961 395 1028 ique
408 964 453 1011 tuie
466 975 519 1011 toto
529 958 625 1010 dividor
636 961 694 1010 orbe
705 964 778 1026 rogis.

296 1039 344 1099 Qui
354 1041 450 1104 potuit,
463 1056 535 1105 quem
547 1053 572 1088 tu
583 1055 627 1103 pro
639 1041 736 1088 nurnine
746 1041 814 1089 vivus
826 1039 944 1099 habebas,

179 1150 183 1155 .
248 1119 278 1171 50
328 1115 558 1166 Praestitieofficium
573 1116 693 1166 Maximus
711 1132 784 1166 omne
802 1118 854 1166 tibi.

296 1193 340 1244 ilie
351 1197 395 1243 tibi
409 1195 545 1260 exsequias,
563 1198 587 1243 bt
604 1198 685 1258 magni
696 1195 766 1244 funus
778 1197 876 1244 honoris

328 1273 412 1332 feeit3
436 1277 460 1322 bt
476 1277 504 1322 in
520 1269 619 1338 gelidos¹
629 1275 701 1322 versit
716 1289 813 1323 amoma
827 1277 900 1322 sinus.

295 1348 375 1398 Diluit
391 1353 415 1398 bt
431 1349 543 1412 lacrymis
560 1365 660 1398 maereua
676 1365 796 1413 unguenta
813 1351 934 1416 profusis;

328 1423 432 1494 Offaque
445 1427 524 1478 vicini
540 1425 640 1478 condita
655 1430 714 1476 texit
727 1429 811 1476 humo.
959 1415 962 1421 ¹

249 1501 273 1545 55
297 1505 345 1566 Qui
355 1509 470 1571 quoniam
481 1506 614 1564 affinius,
626 1521 678 1570 quae
690 1502 774 1564 debet,
786 1505 878 1570 prestat
888 1508 985 1565 amicis,

327 1585 359 1634 Et
367 1601 411 1635 noa
421 1585 538 1634 exstinuis
547 1599 702 1632 annumerare
710 1582 795 1647 potest.
866 1578 870 1588 ’

313 1713 989 1786 φεεεεέῄῇψεεεεω

442 1856 863 1922 EPISTOLAX.

473 2004 780 2070 ¹FLACCO.

292 2096 378 2217 Na
388 2182 424 2215 so
441 2168 484 2215 suo
494 2167 609 2232 profugus
621 2170 697 2218 mittit
707 2169 766 2228 tibi,
779 2167 878 2227 flacce,
890 2167 1005 2218 salutem:

322 2247 422 2295 Mittere
432 2262 482 2293 rem
494 2247 512 2293 si
524 2249 592 2311 quis,
604 2246 651 2310 qui
662 2261 726 2295 caret
736 2248 802 2311 ipse,
818 2245 911 2310 potest,

292 2324 387 2388 Longus
408 2325 472 2372 enim
492 2326 554 2380 curia
568 2326 680 2374 vitiatum
699 2339 783 2389 eorpus
802 2327 887 2373 amaris

325 2401 382 2450 Non
392 2405 482 2466 patitur
489 2406 552 2452 virea
563 2403 664 2468 languor
675 2405 760 2450 habere
771 2403 832 2451 suas.

261 2485 270 2526 ἱ
291 2478 342 2529 Nec
352 2478 424 2530 dolor
432 2481 496 2530 ullus
509 2480 590 2538 adest,
602 2499 647 2530 nee
662 2482 765 2531 febribus
776 2497 833 2530 uror
842 2479 949 2540 anhelis;

230 2608 232 2612 .
323 2559 354 2608 Et
364 2563 455 2624 peragit
466 2560 531 2609 soliti
542 2575 601 2610 rena
614 2563 702 2609 tenoris
714 2562 767 2608 iter.

291 2635 324 2683 Os
335 2637 405 2684 heber
418 2635 465 2695 est,
482 2641 613 2704 positaque
625 2652 724 2687 movent
739 2634 832 2685 fastidia
842 2636 930 2684 mensae
942 2653 948 2683 a

322 2711 353 2763 Et
369 2729 470 2780 queror,
484 2717 554 2764 invisi
566 2715 621 2764 crim
632 2718 698 2764 venit
709 2703 767 2764 hora
778 2714 835 2762 cibi.

290 2789 363 2851 Quod
377 2807 459 2852 mare,
472 2792 537 2858 quod
556 2793 642 2852 tellus,
655 2809 765 2859 appone,
778 2789 846 2857 quod
857 2788 943 2840 educat
954 2794 1004 2846 a'e'r;

244 2872 283 2934 ¹0·
320 2868 362 2917 Nil
383 2870 439 2928 ibi,
461 2869 528 2936 quod
545 2872 615 2922 nobis
632 2872 765 2924 esuriatur,
783 2871 835 2917 erit.

290 2946 375 2997 Nestar
386 2949 410 2996 δι
422 2950 580 3008 ambrosiam,
598 2948 679 2998 latices
699 2947 825 3013 epulasque
843 2946 972 3009 Deorum,

320 3025 369 3074 Det
388 3027 449 3076 mihi
465 3026 573 3078 formosi
590 3043 650 3077 nava
668 3028 767 3077 iuventa
782 3039 870 3083 meniu

288 3100 345 3150 Non
356 3115 436 3151 tamen
449 3119 546 3154 exacuet
558 3118 653 3170 torpeus
664 3107 733 3170 sapor
743 3103 785 3154 iile
795 3101 924 3169 palatum:
