2334 3917
259 420 558 489 FAsToarrrt
582 418 666 493 irn-
691 417 756 489 Vr.
813 441 878 505 147

194 540 246 589 Stat
256 540 343 605 globus
353 575 362 601 ,
374 542 485 591 immensi
501 556 572 605 parva
582 536 658 605 ligura
668 539 729 605 poli.

159 616 193 667 Et
208 631 324 685 quantum
343 634 357 669 a
369 620 469 671 summis
481 652 489 679 ‚
503 632 598 672 tantum
609 620 703 671 secernit
712 619 742 667 ab
753 618 809 667 imit

195 699 285 750 Terra:
294 696 361 763 quod
372 712 400 747 ut
416 695 473 757 fiat,
485 696 565 747 forma
575 694 681 747 rotunda
691 695 766 745 facie:
883 690 932 739 nlo

160 774 208 825 Par
218 776 291 827 faciet
302 774 387 840 templi
396 794 402 823 r
415 774 496 825 nullus
506 775 626 839 procurrit
635 775 661 823 in
669 771 714 823 illo

196 854 304 919 Angulus
316 872 323 902 a
335 868 349 905 a
359 854 443 919 pluvio
454 850 563 904 vindicat
573 853 651 901 imbre
663 850 752 901 tholut.

161 930 216 983 Cur
234 934 264 981 ait
275 934 406 996 virgineis,
417 934 503 997 quatis
513 965 522 991 ‚
534 930 588 979 Dea
597 929 664 979 culta
674 929 787 980 ministris
799 932 807 977 2

184 1074 187 1079 Ι
196 1009 321 1059 inveniam
330 1011 410 1059 causas
421 1012 465 1059 lrac
473 1024 570 1075 quoque
580 1024 647 1073 parte
658 1009 719 1060 suat.

162 1086 200 1137 Ex
214 1087 267 1151 Ope
278 1087 398 1137 iunonem
411 1101 547 1137 memorant
557 1086 721 1153 Cereremque
728 1102 819 1137 creatae
888 1086 929 1144 ²85

196 1166 292 1214 Semine
302 1168 413 1215 Saturnia
427 1168 496 1215 tertia
504 1166 576 1217 Vella
590 1165 647 1214 fuit.

161 1240 271 1309 Utraque
281 1245 427 1309 nupserunt5
442 1244 518 1295 amba
531 1240 646 1309 peperiffe
656 1242 780 1295 feruntur:

194 1320 234 1371 De
245 1321 320 1369 tribus
330 1324 457 1386 impatiens
469 1320 554 1371 restitit
564 1336 612 1371 una
622 1322 679 1370 viri.

162 1396 231 1461 Quid
241 1402 330 1455 mitum
341 1432 349 1461 ‚
361 1402 430 1465 virgo
439 1401 458 1447 si
469 1401 561 1463 virgine
572 1400 628 1449 lata
640 1397 749 1449 ministri

197 1474 314 1527 Admittit
324 1478 397 1528 caliat
408 1480 482 1529 insua
491 1480 557 1529 sacra
567 1494 653 1529 manns
664 1480 673 1527 2
784 1488 788 1492 ·
890 1480 936 1523 ²90

162 1554 216 1606 Nec
227 1570 253 1605 tu
263 1552 330 1605 aliud
338 1556 449 1615 Veliam,
462 1554 537 1621 quim
545 1559 626 1609 vivam
634 1555 742 1621 intellige
750 1551 885 1615 flammam.

196 1632 307 1699 Nataque
315 1628 345 1682 <le
354 1632 451 1687 flamma
461 1648 563 1699 corpora
576 1633 645 1682 nulla
656 1632 734 1683 vides.

163 1708 220 1757 lure
234 1710 308 1772 igirur
317 1710 386 1772 virgo
397 1707 444 1763 eli,
455 1722 508 1773 quae
521 1708 611 1755 semina
619 1698 686 1755 nulla
695 1708 798 1755 remittit
810 1740 820 1761 .

196 1784 248 1833 Nec
259 1788 324 1849 capit
333 1802 339 1831 =
348 1788 372 1833 &
384 1788 485 1833 comites
494 1786 638 1848 virginitatis
650 1786 731 1833 habet.

164 1860 220 1913 Effe
229 1861 272 1912 diu
282 1862 365 1911 liulrut
376 1862 451 1913 Vella·
462 1862 590 1923 simulacra
597 1864 698 1926 putavi:
887 1883 932 1931 2⁹5
998 1884 1001 1889 ·

198 1940 259 2000 Mon
273 1938 349 1990 didici
357 1956 431 1991 curvo
442 1941 508 1991 nulla
517 1936 607 1990 subesse
618 1941 698 1990 tholo.

153 2020 230 2085 ignis
240 2020 389 2069 inexstinlius
405 2020 497 2085 templo
510 2020 601 2076 celatur
610 2022 636 2069 in
644 2018 699 2069 illo.

199 2096 311 2163 Effigiem
322 2098 415 2151 nullam
427 2098 496 2147 Vesta
507 2133 515 2158 ‚
527 2114 571 2147 nec
582 2100 659 2162 ignia,
669 2098 767 2149 habent.

166 2179 219 2227 Stat
229 2180 253 2226 vi
268 2191 329 2225 tetra
341 2175 397 2225 sula
409 2178 435 2225 vi
446 2174 529 2225 stando
540 2176 612 2226 Vella
619 2192 729 2227 vocatur.

200 2254 327 2321 Causaque
338 2271 379 2319 par
395 2255 463 2320 Graii
477 2257 583 2305 nominis
595 2250 641 2303 ell'e
652 2254 738 2319 potest.
889 2271 936 2318 300

166 2337 200 2385 At
220 2333 315 2385 incusa
332 2332 453 2391 flammis,
468 2337 492 2383 δι
507 2331 573 2399 quid
585 2332 653 2395 fatet
662 2333 761 2394 omnia,
774 2329 870 2392 didius:

200 2412 249 2474 Qui
260 2413 373 2462 mmenin
385 2412 468 2476 primis
479 2408 569 2461 adibus
577 2425 634 2459 ante
642 2410 698 2460 fuit.

166 2490 231 2541 Hinc
240 2506 338 2557 quoque
348 2489 490 2541 vestibulum
502 2486 551 2539 dici
561 2506 631 2539 reor:
641 2486 699 2538 inde
708 2486 829 2553 precando

200 2566 310 2617 Affamur
322 2566 438 2628 vestam,
453 2584 507 2635 que
518 2567 572 2618 loc'a
583 2570 661 2632 prima
672 2575 747 2616 renen.

167 2646 230 2695 Ante
238 2645 307 2695 locor
316 2646 378 2695 olim
389 2646 469 2712 longia
480 2641 604 2695 considere
615 2646 717 2693 scamnis
889 2660 934 2707 305

199 2723 257 2772 Mos
272 2738 322 2771 erat
334 2740 343 2782 3
362 2727 387 2772 δι
402 2725 489 2773 mense
500 2720 596 2773 credere
606 2720 684 2773 adeffe
696 2720 771 2773 Deos.

166 2798 240 2850 Nunc
257 2816 373 2867 quoqne,
387 2800 444 2851 clm
456 2800 518 2853 fiunt
526 2804 631 2867 antiqua
641 2802 706 2850 sacra
717 2800 837 2866 Vacunae,

198 2878 262 2928 Ante
273 2878 408 2930 Vacunales
419 2880 528 2946 stantque
539 2876 670 2945 sedentque
681 2878 759 2927 focos.

166 2957 275 3007 venitin
286 2959 329 3007 hor
338 2972 413 3009 aanor
422 2956 515 3025 aliquid
527 2956 557 3007 de
570 2974 638 3007 more
648 2957 757 3008 vetusto:

199 3034 257 3085 Fert
266 3035 348 3087 milior
357 3038 435 3089 Vestae
443 3056 501 3105 pura
512 3036 600 3105 patella
615 3037 691 3087 cibor.

165 3112 230 3163 Ecce
240 3144 249 3175 ,
259 3118 380 3167 coronatis
390 3118 457 3182 partie
467 3112 585 3183 dependet
597 3113 675 3171 asellis
687 3132 696 3174 3
858 3180 862 3186 ¹

709 3192 731 3243 G
750 3197 768 3260 ij
