<?xml version="1.0" encoding="UTF-8"?>
<!DOCTYPE html PUBLIC "-//W3C//DTD XHTML 1.0 Transitional//EN"
    "http://www.w3.org/TR/xhtml1/DTD/xhtml1-transitional.dtd">
<html xmlns="http://www.w3.org/1999/xhtml" xml:lang="en" lang="en">
 <head>
  <title>
</title>
<meta http-equiv="Content-Type" content="text/html;charset=utf-8" />
  <meta name='ocr-system' content='tesseract 3.04.00' />
  <meta name='ocr-capabilities' content='ocr_page ocr_carea ocr_par ocr_line ocrx_word'/>
</head>
<body>
  <div class='ocr_page' id='page_1' title='image "./povidiinasoniso05ovidgoog_0267.png"; bbox 0 0 2334 3917; ppageno 0'>
   <div class='ocr_carea' id='block_1_1' title="bbox 294 393 902 488">
    <p class='ocr_par' dir='ltr' id='par_1_1' title="bbox 294 393 902 488">
     <span class='ocr_line' id='line_1_1' title="bbox 294 393 902 488; baseline -0.012 -17"><span class='ocrx_word' id='word_1_1' title='bbox 294 403 564 470; x_wconf 64' lang='lat' dir='ltr'>Tursrrun</span> <span class='ocrx_word' id='word_1_2' title='bbox 594 393 693 462; x_wconf 70' lang='grc' dir='ltr'>ω.</span> <span class='ocrx_word' id='word_1_3' title='bbox 735 395 780 466; x_wconf 87' lang='lat' dir='ltr'>V.</span> <span class='ocrx_word' id='word_1_4' title='bbox 833 418 902 488; x_wconf 83' lang='lat'>257</span> 
     </span>
    </p>
   </div>
   <div class='ocr_carea' id='block_1_2' title="bbox 157 517 954 1206">
    <p class='ocr_par' dir='ltr' id='par_1_2' title="bbox 188 517 954 666">
     <span class='ocr_line' id='line_1_2' title="bbox 220 517 954 589; baseline -0.011 -17"><span class='ocrx_word' id='word_1_5' title='bbox 220 522 335 589; x_wconf 80' lang='lat' dir='ltr'>Deponat</span> <span class='ocrx_word' id='word_1_6' title='bbox 348 520 460 583; x_wconf 78' lang='lat' dir='ltr'>lacrymis</span> <span class='ocrx_word' id='word_1_7' title='bbox 470 517 557 585; x_wconf 82' lang='lat' dir='ltr'>pocula</span> <span class='ocrx_word' id='word_1_8' title='bbox 566 519 642 568; x_wconf 85' lang='lat' dir='ltr'>mixta</span> <span class='ocrx_word' id='word_1_9' title='bbox 653 517 711 567; x_wconf 84' lang='lat' dir='ltr'>suist</span> <span class='ocrx_word' id='word_1_10' title='bbox 925 531 954 580; x_wconf 82' lang='lat'>5⁰</span> 
     </span>
     <span class='ocr_line' id='line_1_3' title="bbox 188 597 837 666; baseline -0.008 -15"><span class='ocrx_word' id='word_1_11' title='bbox 188 600 381 666; x_wconf 79' lang='lat' dir='ltr'>Admonitusque</span> <span class='ocrx_word' id='word_1_12' title='bbox 392 602 455 652; x_wconf 86' lang='lat' dir='ltr'>mti,</span> <span class='ocrx_word' id='word_1_13' title='bbox 466 597 522 646; x_wconf 82' lang='lat' dir='ltr'>etim</span> <span class='ocrx_word' id='word_1_14' title='bbox 533 597 726 660; x_wconf 79' lang='lat' dir='ltr'>circumspexerit</span> <span class='ocrx_word' id='word_1_15' title='bbox 735 611 837 658; x_wconf 81' lang='lat' dir='ltr'>omnes,</span> 
     </span>
    </p>

    <p class='ocr_par' dir='ltr' id='par_1_3' title="bbox 187 673 820 823">
     <span class='ocr_line' id='line_1_4' title="bbox 222 673 820 740; baseline -0.007 -12"><span class='ocrx_word' id='word_1_16' title='bbox 222 680 310 740; x_wconf 89' lang='lat' dir='ltr'>Dicat,</span> <span class='ocrx_word' id='word_1_17' title='bbox 323 678 373 727; x_wconf 88' lang='lat' dir='ltr'>Ubi</span> <span class='ocrx_word' id='word_1_18' title='bbox 384 677 417 726; x_wconf 85' lang='lat' dir='ltr'>est</span> <span class='ocrx_word' id='word_1_19' title='bbox 428 675 501 726; x_wconf 87' lang='lat' dir='ltr'>nostri</span> <span class='ocrx_word' id='word_1_20' title='bbox 511 673 651 740; x_wconf 74' lang='lat' dir='ltr'>parimodo</span> <span class='ocrx_word' id='word_1_21' title='bbox 662 673 727 724; x_wconf 86' lang='lat' dir='ltr'>Naso</span> <span class='ocrx_word' id='word_1_22' title='bbox 739 677 820 724; x_wconf 79' lang='lat' dir='ltr'>chorii</span> 
     </span>
     <span class='ocr_line' id='line_1_5' title="bbox 187 751 811 823; baseline -0.006 -17"><span class='ocrx_word' id='word_1_23' title='bbox 187 755 263 823; x_wconf 86' lang='lat' dir='ltr'>idque</span> <span class='ocrx_word' id='word_1_24' title='bbox 274 760 308 806; x_wconf 89' lang='lat' dir='ltr'>ita</span> <span class='ocrx_word' id='word_1_25' title='bbox 320 791 328 817; x_wconf 92' lang='lat'>,</span> <span class='ocrx_word' id='word_1_26' title='bbox 340 759 359 804; x_wconf 89' lang='lat' dir='ltr'>si</span> <span class='ocrx_word' id='word_1_27' title='bbox 370 755 473 806; x_wconf 82' lang='lat' dir='ltr'>vestrum</span> <span class='ocrx_word' id='word_1_28' title='bbox 483 755 559 803; x_wconf 85' lang='lat' dir='ltr'>metui</span> <span class='ocrx_word' id='word_1_29' title='bbox 571 751 675 806; x_wconf 88' lang='lat' dir='ltr'>candore</span> <span class='ocrx_word' id='word_1_30' title='bbox 686 753 811 812; x_wconf 66' lang='lat' dir='ltr'>savorem</span> 
     </span>
    </p>

    <p class='ocr_par' dir='ltr' id='par_1_4' title="bbox 157 831 951 1040">
     <span class='ocr_line' id='line_1_6' title="bbox 220 831 708 900; baseline -0.008 -16"><span class='ocrx_word' id='word_1_31' title='bbox 220 835 341 900; x_wconf 76' lang='lat' dir='ltr'>Nullaque</span> <span class='ocrx_word' id='word_1_32' title='bbox 353 831 446 899; x_wconf 87' lang='lat' dir='ltr'>judicio</span> <span class='ocrx_word' id='word_1_33' title='bbox 457 832 526 882; x_wconf 81' lang='lat' dir='ltr'>littra</span> <span class='ocrx_word' id='word_1_34' title='bbox 535 831 589 881; x_wconf 81' lang='lat' dir='ltr'>lasa</span> <span class='ocrx_word' id='word_1_35' title='bbox 599 848 654 880; x_wconf 84' lang='lat' dir='ltr'>meo</span> <span class='ocrx_word' id='word_1_36' title='bbox 667 831 708 880; x_wconf 88' lang='lat' dir='ltr'>est.</span> 
     </span>
     <span class='ocr_line' id='line_1_7' title="bbox 157 909 951 975; baseline -0.005 -14"><span class='ocrx_word' id='word_1_37' title='bbox 157 913 160 919; x_wconf 87' lang='lat'>&#39;</span> <span class='ocrx_word' id='word_1_38' title='bbox 186 913 210 961; x_wconf 80' lang='lat' dir='ltr'>si</span> <span class='ocrx_word' id='word_1_39' title='bbox 221 947 228 971; x_wconf 93' lang='lat'>,</span> <span class='ocrx_word' id='word_1_40' title='bbox 242 927 349 961; x_wconf 84' lang='lat' dir='ltr'>veterum</span> <span class='ocrx_word' id='word_1_41' title='bbox 358 909 429 975; x_wconf 69' lang='lat' dir='ltr'>digni</span> <span class='ocrx_word' id='word_1_42' title='bbox 440 927 540 961; x_wconf 83' lang='lat' dir='ltr'>veneror</span> <span class='ocrx_word' id='word_1_43' title='bbox 550 909 606 958; x_wconf 83' lang='lat' dir='ltr'>crim</span> <span class='ocrx_word' id='word_1_44' title='bbox 616 911 703 974; x_wconf 77' lang='lat' dir='ltr'>scripta</span> <span class='ocrx_word' id='word_1_45' title='bbox 712 910 838 972; x_wconf 84' lang='lat' dir='ltr'>vitorum,</span> <span class='ocrx_word' id='word_1_46' title='bbox 924 925 951 973; x_wconf 80' lang='lat'>55</span> 
     </span>
     <span class='ocr_line' id='line_1_8' title="bbox 165 984 688 1040; baseline -0.004 -2"><span class='ocrx_word' id='word_1_47' title='bbox 165 1013 174 1022; x_wconf 90' lang='lat'><strong>·</strong></span> <span class='ocrx_word' id='word_1_48' title='bbox 220 991 330 1040; x_wconf 81' lang='lat' dir='ltr'>Proxima</span> <span class='ocrx_word' id='word_1_49' title='bbox 342 1005 392 1038; x_wconf 90' lang='lat' dir='ltr'>non</span> <span class='ocrx_word' id='word_1_50' title='bbox 404 988 453 1037; x_wconf 91' lang='lat' dir='ltr'>illis</span> <span class='ocrx_word' id='word_1_51' title='bbox 462 984 510 1036; x_wconf 82' lang='lat' dir='ltr'>esse</span> <span class='ocrx_word' id='word_1_52' title='bbox 521 990 615 1038; x_wconf 87' lang='lat' dir='ltr'>minora</span> <span class='ocrx_word' id='word_1_53' title='bbox 625 1003 688 1037; x_wconf 84' lang='lat' dir='ltr'>reor.</span> 
     </span>
    </p>

    <p class='ocr_par' dir='ltr' id='par_1_5' title="bbox 186 1064 757 1132">
     <span class='ocr_line' id='line_1_9' title="bbox 186 1064 757 1132; baseline -0.007 -14"><span class='ocrx_word' id='word_1_54' title='bbox 186 1069 224 1118; x_wconf 79' lang='lat' dir='ltr'>Sic</span> <span class='ocrx_word' id='word_1_55' title='bbox 235 1071 309 1132; x_wconf 84' lang='lat' dir='ltr'>igitur</span> <span class='ocrx_word' id='word_1_56' title='bbox 319 1064 403 1116; x_wconf 81' lang='lat' dir='ltr'>dextro</span> <span class='ocrx_word' id='word_1_57' title='bbox 416 1065 509 1116; x_wconf 86' lang='lat' dir='ltr'>faciatis</span> <span class='ocrx_word' id='word_1_58' title='bbox 520 1065 633 1131; x_wconf 82' lang='lat' dir='ltr'>Apolline</span> <span class='ocrx_word' id='word_1_59' title='bbox 644 1081 757 1115; x_wconf 84' lang='lat' dir='ltr'>carment</span> 
     </span>
    </p>

    <p class='ocr_par' dir='ltr' id='par_1_6' title="bbox 219 1143 816 1206">
     <span class='ocr_line' id='line_1_10' title="bbox 219 1143 816 1206; baseline 0 -12"><span class='ocrx_word' id='word_1_60' title='bbox 219 1143 294 1206; x_wconf 88' lang='lat' dir='ltr'>Quod</span> <span class='ocrx_word' id='word_1_61' title='bbox 306 1144 363 1196; x_wconf 86' lang='lat' dir='ltr'>licet</span> <span class='ocrx_word' id='word_1_62' title='bbox 375 1179 384 1206; x_wconf 90' lang='lat'>‚</span> <span class='ocrx_word' id='word_1_63' title='bbox 401 1146 517 1196; x_wconf 82' lang='lat' dir='ltr'>intervos</span> <span class='ocrx_word' id='word_1_64' title='bbox 527 1159 618 1194; x_wconf 90' lang='lat' dir='ltr'>nomen</span> <span class='ocrx_word' id='word_1_65' title='bbox 630 1144 715 1196; x_wconf 86' lang='lat' dir='ltr'>habete</span> <span class='ocrx_word' id='word_1_66' title='bbox 724 1159 816 1194; x_wconf 82' lang='lat' dir='ltr'>meum.</span> 
     </span>
    </p>
   </div>
   <div class='ocr_carea' id='block_1_3' title="bbox 185 1286 903 1375">
    <p class='ocr_par' dir='ltr' id='par_1_7' title="bbox 185 1286 903 1375">
     <span class='ocr_line' id='line_1_11' title="bbox 185 1286 903 1375; baseline 0 -25"><span class='ocrx_word' id='word_1_67' title='bbox 185 1286 903 1375; x_wconf 37' lang='lat' dir='ltr'>segusa-“m</span> 
     </span>
    </p>
   </div>
   <div class='ocr_carea' id='block_1_4' title="bbox 354 1449 727 1518">
    <p class='ocr_par' dir='ltr' id='par_1_8' title="bbox 354 1449 727 1518">
     <span class='ocr_line' id='line_1_12' title="bbox 354 1449 727 1518; baseline 0 -4"><span class='ocrx_word' id='word_1_68' title='bbox 354 1449 607 1518; x_wconf 83' lang='lat' dir='ltr'>ELEGIA</span> <span class='ocrx_word' id='word_1_69' title='bbox 647 1449 727 1514; x_wconf 86' lang='lat' dir='ltr'>lv.</span> 
     </span>
    </p>
   </div>
   <div class='ocr_carea' id='block_1_5' title="bbox 179 1541 930 1993">
    <p class='ocr_par' dir='ltr' id='par_1_9' title="bbox 184 1541 797 1756">
     <span class='ocr_line' id='line_1_13' title="bbox 184 1541 797 1678; baseline 0.003 -18"><span class='ocrx_word' id='word_1_70' title='bbox 184 1541 332 1662; x_wconf 62' lang='lat' dir='ltr'>Linou</span> <span class='ocrx_word' id='word_1_71' title='bbox 343 1613 374 1663; x_wconf 87' lang='lat' dir='ltr'>ab</span> <span class='ocrx_word' id='word_1_72' title='bbox 386 1613 481 1663; x_wconf 83' lang='lat' dir='ltr'>Euxino</span> <span class='ocrx_word' id='word_1_73' title='bbox 493 1613 596 1664; x_wconf 82' lang='lat' dir='ltr'>Nasonis</span> <span class='ocrx_word' id='word_1_74' title='bbox 609 1611 715 1678; x_wconf 80' lang='lat' dir='ltr'>Epistola</span> <span class='ocrx_word' id='word_1_75' title='bbox 724 1611 797 1673; x_wconf 82' lang='lat' dir='ltr'>veni,</span> 
     </span>
     <span class='ocr_line' id='line_1_14' title="bbox 216 1689 751 1756; baseline 0 -18"><span class='ocrx_word' id='word_1_76' title='bbox 216 1689 331 1756; x_wconf 82' lang='lat' dir='ltr'>Lassaque</span> <span class='ocrx_word' id='word_1_77' title='bbox 343 1691 404 1741; x_wconf 68' lang='lat' dir='ltr'>sassa</span> <span class='ocrx_word' id='word_1_78' title='bbox 413 1695 490 1755; x_wconf 71' lang='lat' dir='ltr'>mati,</span> <span class='ocrx_word' id='word_1_79' title='bbox 504 1689 609 1756; x_wconf 83' lang='lat' dir='ltr'>lassaque</span> <span class='ocrx_word' id='word_1_80' title='bbox 623 1691 685 1742; x_wconf 73' lang='lat' dir='ltr'>sasia</span> <span class='ocrx_word' id='word_1_81' title='bbox 702 1689 751 1740; x_wconf 78' lang='lat' dir='ltr'>vii.</span> 
     </span>
    </p>

    <p class='ocr_par' dir='ltr' id='par_1_10' title="bbox 182 1767 888 1913">
     <span class='ocr_line' id='line_1_15' title="bbox 182 1767 888 1834; baseline 0.007 -19"><span class='ocrx_word' id='word_1_82' title='bbox 182 1767 231 1827; x_wconf 87' lang='lat' dir='ltr'>Qui</span> <span class='ocrx_word' id='word_1_83' title='bbox 242 1771 303 1818; x_wconf 86' lang='lat' dir='ltr'>mihi</span> <span class='ocrx_word' id='word_1_84' title='bbox 317 1768 376 1819; x_wconf 84' lang='lat' dir='ltr'>flens</span> <span class='ocrx_word' id='word_1_85' title='bbox 387 1767 465 1830; x_wconf 84' lang='lat' dir='ltr'>dixit,</span> <span class='ocrx_word' id='word_1_86' title='bbox 480 1771 537 1830; x_wconf 89' lang='lat' dir='ltr'>Tu,</span> <span class='ocrx_word' id='word_1_87' title='bbox 552 1772 591 1818; x_wconf 87' lang='lat' dir='ltr'>cui</span> <span class='ocrx_word' id='word_1_88' title='bbox 602 1769 674 1828; x_wconf 83' lang='lat' dir='ltr'>licet,</span> <span class='ocrx_word' id='word_1_89' title='bbox 686 1771 763 1834; x_wconf 89' lang='lat' dir='ltr'>aspice</span> <span class='ocrx_word' id='word_1_90' title='bbox 775 1767 888 1820; x_wconf 83' lang='lat' dir='ltr'>Romam.</span> 
     </span>
     <span class='ocr_line' id='line_1_16' title="bbox 215 1846 750 1913; baseline 0.004 -19"><span class='ocrx_word' id='word_1_91' title='bbox 215 1846 278 1896; x_wconf 81' lang='lat' dir='ltr'>Heu!</span> <span class='ocrx_word' id='word_1_92' title='bbox 293 1862 384 1913; x_wconf 88' lang='lat' dir='ltr'>quanto</span> <span class='ocrx_word' id='word_1_93' title='bbox 396 1849 483 1898; x_wconf 86' lang='lat' dir='ltr'>melior</span> <span class='ocrx_word' id='word_1_94' title='bbox 493 1849 543 1897; x_wconf 84' lang='lat' dir='ltr'>sors</span> <span class='ocrx_word' id='word_1_95' title='bbox 551 1862 592 1899; x_wconf 90' lang='lat' dir='ltr'>tua</span> <span class='ocrx_word' id='word_1_96' title='bbox 605 1849 669 1896; x_wconf 82' lang='lat' dir='ltr'>sorte</span> <span class='ocrx_word' id='word_1_97' title='bbox 681 1846 750 1896; x_wconf 80' lang='lat' dir='ltr'>meai!</span> 
     </span>
    </p>

    <p class='ocr_par' dir='ltr' id='par_1_11' title="bbox 179 1924 930 1993">
     <span class='ocr_line' id='line_1_17' title="bbox 179 1924 930 1993; baseline 0.009 -21"><span class='ocrx_word' id='word_1_98' title='bbox 179 1924 249 1973; x_wconf 82' lang='lat' dir='ltr'>Flens</span> <span class='ocrx_word' id='word_1_99' title='bbox 261 1941 358 1990; x_wconf 89' lang='lat' dir='ltr'>quoque</span> <span class='ocrx_word' id='word_1_100' title='bbox 365 1943 405 1976; x_wconf 91' lang='lat' dir='ltr'>me</span> <span class='ocrx_word' id='word_1_101' title='bbox 416 1928 525 1993; x_wconf 83' lang='lat' dir='ltr'>scripsit:</span> <span class='ocrx_word' id='word_1_102' title='bbox 538 1942 582 1976; x_wconf 88' lang='lat' dir='ltr'>nec</span> <span class='ocrx_word' id='word_1_103' title='bbox 595 1925 643 1992; x_wconf 80' lang='lat' dir='ltr'>qui</span> <span class='ocrx_word' id='word_1_104' title='bbox 654 1926 776 1990; x_wconf 75' lang='lat' dir='ltr'>signabat.</span> <span class='ocrx_word' id='word_1_105' title='bbox 787 1924 855 1976; x_wconf 82' lang='lat' dir='ltr'>ador</span> <span class='ocrx_word' id='word_1_106' title='bbox 866 1925 898 1976; x_wconf 86' lang='lat' dir='ltr'>est</span> <span class='ocrx_word' id='word_1_107' title='bbox 919 1933 930 1979; x_wconf 83' lang='lat' dir='ltr'>s</span> 
     </span>
    </p>
   </div>
   <div class='ocr_carea' id='block_1_6' title="bbox 172 2001 945 3165">
    <p class='ocr_par' dir='ltr' id='par_1_12' title="bbox 172 2001 945 3165">
     <span class='ocr_line' id='line_1_18' title="bbox 212 2001 790 2070; baseline 0.007 -20"><span class='ocrx_word' id='word_1_108' title='bbox 212 2004 291 2058; x_wconf 82' lang='lat' dir='ltr'>Ante,</span> <span class='ocrx_word' id='word_1_109' title='bbox 305 2001 346 2052; x_wconf 91' lang='lat' dir='ltr'>sed</span> <span class='ocrx_word' id='word_1_110' title='bbox 358 2002 390 2054; x_wconf 91' lang='lat' dir='ltr'>ad</span> <span class='ocrx_word' id='word_1_111' title='bbox 400 2003 509 2054; x_wconf 87' lang='lat' dir='ltr'>madidas</span> <span class='ocrx_word' id='word_1_112' title='bbox 519 2021 614 2070; x_wconf 80' lang='lat' dir='ltr'>gemma</span> <span class='ocrx_word' id='word_1_113' title='bbox 626 2004 699 2054; x_wconf 84' lang='lat' dir='ltr'>relata</span> <span class='ocrx_word' id='word_1_114' title='bbox 710 2020 790 2070; x_wconf 81' lang='lat' dir='ltr'>genas.</span> 
     </span>
     <span class='ocr_line' id='line_1_19' title="bbox 180 2080 758 2150; baseline 0.007 -21"><span class='ocrx_word' id='word_1_115' title='bbox 180 2080 293 2131; x_wconf 82' lang='lat' dir='ltr'>Trisiitiae</span> <span class='ocrx_word' id='word_1_116' title='bbox 302 2084 397 2133; x_wconf 88' lang='lat' dir='ltr'>causam</span> <span class='ocrx_word' id='word_1_117' title='bbox 407 2086 426 2132; x_wconf 90' lang='lat' dir='ltr'>si</span> <span class='ocrx_word' id='word_1_118' title='bbox 437 2085 489 2149; x_wconf 86' lang='lat' dir='ltr'>quis</span> <span class='ocrx_word' id='word_1_119' title='bbox 502 2085 646 2148; x_wconf 74' lang='lat' dir='ltr'>cognoscere</span> <span class='ocrx_word' id='word_1_120' title='bbox 658 2087 758 2150; x_wconf 71' lang='lat' dir='ltr'>quarit3</span> 
     </span>
     <span class='ocr_line' id='line_1_20' title="bbox 212 2159 634 2226; baseline 0.007 -19"><span class='ocrx_word' id='word_1_121' title='bbox 212 2159 311 2209; x_wconf 83' lang='lat' dir='ltr'>Ostendi</span> <span class='ocrx_word' id='word_1_122' title='bbox 327 2161 402 2210; x_wconf 86' lang='lat' dir='ltr'>solem</span> <span class='ocrx_word' id='word_1_123' title='bbox 414 2161 518 2226; x_wconf 87' lang='lat' dir='ltr'>postulat</span> <span class='ocrx_word' id='word_1_124' title='bbox 529 2162 570 2212; x_wconf 89' lang='lat' dir='ltr'>ille</span> <span class='ocrx_word' id='word_1_125' title='bbox 578 2163 634 2212; x_wconf 90' lang='lat' dir='ltr'>sibi.</span> 
     </span>
     <span class='ocr_line' id='line_1_21' title="bbox 178 2235 807 2306; baseline 0.006 -20"><span class='ocrx_word' id='word_1_126' title='bbox 178 2235 232 2286; x_wconf 89' lang='lat' dir='ltr'>Nec</span> <span class='ocrx_word' id='word_1_127' title='bbox 243 2236 356 2288; x_wconf 83' lang='lat' dir='ltr'>frondem</span> <span class='ocrx_word' id='word_1_128' title='bbox 366 2242 392 2288; x_wconf 88' lang='lat' dir='ltr'>in</span> <span class='ocrx_word' id='word_1_129' title='bbox 403 2239 485 2300; x_wconf 84' lang='lat' dir='ltr'>silvis,</span> <span class='ocrx_word' id='word_1_130' title='bbox 497 2257 541 2290; x_wconf 86' lang='lat' dir='ltr'>nec</span> <span class='ocrx_word' id='word_1_131' title='bbox 549 2255 632 2306; x_wconf 91' lang='lat' dir='ltr'>aperto</span> <span class='ocrx_word' id='word_1_132' title='bbox 642 2239 727 2290; x_wconf 85' lang='lat' dir='ltr'>mollia</span> <span class='ocrx_word' id='word_1_133' title='bbox 737 2255 807 2306; x_wconf 85' lang='lat' dir='ltr'>prato</span> 
     </span>
     <span class='ocr_line' id='line_1_22' title="bbox 211 2315 945 2386; baseline 0.007 -22"><span class='ocrx_word' id='word_1_134' title='bbox 211 2315 328 2366; x_wconf 87' lang='lat' dir='ltr'>Gramina</span> <span class='ocrx_word' id='word_1_135' title='bbox 344 2350 351 2377; x_wconf 82' lang='lat'>‚</span> <span class='ocrx_word' id='word_1_136' title='bbox 365 2334 409 2367; x_wconf 87' lang='lat' dir='ltr'>nec</span> <span class='ocrx_word' id='word_1_137' title='bbox 420 2317 493 2384; x_wconf 84' lang='lat' dir='ltr'>pleno</span> <span class='ocrx_word' id='word_1_138' title='bbox 504 2318 604 2368; x_wconf 88' lang='lat' dir='ltr'>flumine</span> <span class='ocrx_word' id='word_1_139' title='bbox 614 2323 691 2369; x_wconf 83' lang='lat' dir='ltr'>cernit</span> <span class='ocrx_word' id='word_1_140' title='bbox 700 2335 781 2386; x_wconf 86' lang='lat' dir='ltr'>aquas.</span> <span class='ocrx_word' id='word_1_141' title='bbox 916 2323 945 2359; x_wconf 73' lang='lat'>¹⁹</span> 
     </span>
     <span class='ocr_line' id='line_1_23' title="bbox 178 2391 836 2464; baseline 0.017 -26"><span class='ocrx_word' id='word_1_142' title='bbox 178 2391 245 2452; x_wconf 86' lang='lat' dir='ltr'>Quid</span> <span class='ocrx_word' id='word_1_143' title='bbox 257 2393 362 2443; x_wconf 81' lang='lat' dir='ltr'><strong>Priamus</strong></span> <span class='ocrx_word' id='word_1_144' title='bbox 372 2391 467 2454; x_wconf 87' lang='lat' dir='ltr'>doleat,</span> <span class='ocrx_word' id='word_1_145' title='bbox 483 2396 627 2455; x_wconf 83' lang='lat' dir='ltr'>mirabitur,</span> <span class='ocrx_word' id='word_1_146' title='bbox 640 2393 742 2446; x_wconf 70' lang='lat' dir='ltr'>Hesione</span> <span class='ocrx_word' id='word_1_147' title='bbox 750 2412 836 2464; x_wconf 69' lang='lat' dir='ltr'>raptos</span> 
     </span>
     <span class='ocr_line' id='line_1_24' title="bbox 211 2468 753 2539; baseline 0.011 -21"><span class='ocrx_word' id='word_1_148' title='bbox 211 2468 307 2530; x_wconf 84' lang='lat' dir='ltr'>Quidve</span> <span class='ocrx_word' id='word_1_149' title='bbox 317 2469 459 2522; x_wconf 64' lang='lat' dir='ltr'>Philostetes</span> <span class='ocrx_word' id='word_1_150' title='bbox 469 2474 527 2522; x_wconf 77' lang='lat' dir='ltr'>isius</span> <span class='ocrx_word' id='word_1_151' title='bbox 538 2472 567 2521; x_wconf 90' lang='lat' dir='ltr'>ab</span> <span class='ocrx_word' id='word_1_152' title='bbox 577 2489 654 2538; x_wconf 80' lang='lat' dir='ltr'>angue</span> <span class='ocrx_word' id='word_1_153' title='bbox 664 2489 753 2539; x_wconf 81' lang='lat' dir='ltr'>gemat.</span> 
     </span>
     <span class='ocr_line' id='line_1_25' title="bbox 177 2547 772 2612; baseline 0.007 -14"><span class='ocrx_word' id='word_1_154' title='bbox 177 2547 214 2598; x_wconf 88' lang='lat' dir='ltr'>Di</span> <span class='ocrx_word' id='word_1_155' title='bbox 226 2548 332 2599; x_wconf 86' lang='lat' dir='ltr'>facerent</span> <span class='ocrx_word' id='word_1_156' title='bbox 342 2553 434 2600; x_wconf 90' lang='lat' dir='ltr'>utinam</span> <span class='ocrx_word' id='word_1_157' title='bbox 445 2584 454 2612; x_wconf 89' lang='lat'>,</span> <span class='ocrx_word' id='word_1_158' title='bbox 464 2551 518 2602; x_wconf 87' lang='lat' dir='ltr'>talis</span> <span class='ocrx_word' id='word_1_159' title='bbox 531 2552 603 2601; x_wconf 87' lang='lat' dir='ltr'>status</span> <span class='ocrx_word' id='word_1_160' title='bbox 613 2549 671 2601; x_wconf 80' lang='lat' dir='ltr'>esset</span> <span class='ocrx_word' id='word_1_161' title='bbox 678 2555 703 2601; x_wconf 91' lang='lat' dir='ltr'>in</span> <span class='ocrx_word' id='word_1_162' title='bbox 713 2552 772 2612; x_wconf 89' lang='lat' dir='ltr'>illo,</span> 
     </span>
     <span class='ocr_line' id='line_1_26' title="bbox 209 2627 691 2680; baseline 0.008 -6"><span class='ocrx_word' id='word_1_163' title='bbox 209 2627 245 2675; x_wconf 88' lang='lat' dir='ltr'>Ut</span> <span class='ocrx_word' id='word_1_164' title='bbox 255 2643 305 2676; x_wconf 86' lang='lat' dir='ltr'>non</span> <span class='ocrx_word' id='word_1_165' title='bbox 316 2628 414 2679; x_wconf 80' lang='lat' dir='ltr'>tristitia</span> <span class='ocrx_word' id='word_1_166' title='bbox 426 2632 495 2679; x_wconf 90' lang='lat' dir='ltr'>causa</span> <span class='ocrx_word' id='word_1_167' title='bbox 505 2627 610 2680; x_wconf 86' lang='lat' dir='ltr'>dolenda</span> <span class='ocrx_word' id='word_1_168' title='bbox 620 2630 691 2680; x_wconf 86' lang='lat' dir='ltr'>soret.</span> 
     </span>
     <span class='ocr_line' id='line_1_27' title="bbox 175 2705 938 2772; baseline 0 -18"><span class='ocrx_word' id='word_1_169' title='bbox 175 2707 233 2755; x_wconf 76' lang='lat' dir='ltr'>Fert</span> <span class='ocrx_word' id='word_1_170' title='bbox 246 2720 347 2768; x_wconf 85' lang='lat' dir='ltr'>tamen,</span> <span class='ocrx_word' id='word_1_171' title='bbox 362 2722 389 2756; x_wconf 91' lang='lat' dir='ltr'>nt</span> <span class='ocrx_word' id='word_1_172' title='bbox 399 2705 491 2768; x_wconf 84' lang='lat' dir='ltr'>debet,</span> <span class='ocrx_word' id='word_1_173' title='bbox 506 2710 572 2757; x_wconf 90' lang='lat' dir='ltr'>casus</span> <span class='ocrx_word' id='word_1_174' title='bbox 582 2710 700 2772; x_wconf 82' lang='lat' dir='ltr'>patienter</span> <span class='ocrx_word' id='word_1_175' title='bbox 709 2723 816 2758; x_wconf 76' lang='lat' dir='ltr'>amatos:</span> <span class='ocrx_word' id='word_1_176' title='bbox 913 2708 938 2754; x_wconf 71' lang='lat'>¹5</span> 
     </span>
     <span class='ocr_line' id='line_1_28' title="bbox 208 2783 706 2852; baseline 0.004 -20"><span class='ocrx_word' id='word_1_177' title='bbox 208 2783 279 2832; x_wconf 87' lang='lat' dir='ltr'>More</span> <span class='ocrx_word' id='word_1_178' title='bbox 291 2800 335 2834; x_wconf 91' lang='lat' dir='ltr'>nec</span> <span class='ocrx_word' id='word_1_179' title='bbox 344 2783 458 2834; x_wconf 88' lang='lat' dir='ltr'>indomiti</span> <span class='ocrx_word' id='word_1_180' title='bbox 466 2785 533 2836; x_wconf 84' lang='lat' dir='ltr'>frena</span> <span class='ocrx_word' id='word_1_181' title='bbox 543 2788 635 2836; x_wconf 82' lang='lat' dir='ltr'>recusat</span> <span class='ocrx_word' id='word_1_182' title='bbox 642 2789 706 2852; x_wconf 90' lang='lat' dir='ltr'>equi.</span> 
     </span>
     <span class='ocr_line' id='line_1_29' title="bbox 172 2861 794 2929; baseline 0 -16"><span class='ocrx_word' id='word_1_183' title='bbox 172 2861 227 2913; x_wconf 79' lang='lat' dir='ltr'>Nec</span> <span class='ocrx_word' id='word_1_184' title='bbox 242 2862 294 2911; x_wconf 89' lang='lat' dir='ltr'>sore</span> <span class='ocrx_word' id='word_1_185' title='bbox 305 2878 444 2927; x_wconf 85' lang='lat' dir='ltr'>perpetuam</span> <span class='ocrx_word' id='word_1_186' title='bbox 458 2865 533 2929; x_wconf 87' lang='lat' dir='ltr'>sperat</span> <span class='ocrx_word' id='word_1_187' title='bbox 545 2867 589 2912; x_wconf 87' lang='lat' dir='ltr'>sibi</span> <span class='ocrx_word' id='word_1_188' title='bbox 603 2867 707 2912; x_wconf 88' lang='lat' dir='ltr'>numinis</span> <span class='ocrx_word' id='word_1_189' title='bbox 714 2866 794 2926; x_wconf 79' lang='lat' dir='ltr'>iram,</span> 
     </span>
     <span class='ocr_line' id='line_1_30' title="bbox 206 2938 715 3007; baseline 0 -17"><span class='ocrx_word' id='word_1_190' title='bbox 206 2940 325 2990; x_wconf 82' lang='lat' dir='ltr'>Conscius</span> <span class='ocrx_word' id='word_1_191' title='bbox 341 2943 368 2990; x_wconf 90' lang='lat' dir='ltr'>in</span> <span class='ocrx_word' id='word_1_192' title='bbox 378 2941 450 3007; x_wconf 70' lang='lat' dir='ltr'>culpi</span> <span class='ocrx_word' id='word_1_193' title='bbox 460 2958 509 2991; x_wconf 89' lang='lat' dir='ltr'>non</span> <span class='ocrx_word' id='word_1_194' title='bbox 521 2941 595 2990; x_wconf 86' lang='lat' dir='ltr'>scelus</span> <span class='ocrx_word' id='word_1_195' title='bbox 607 2938 654 2990; x_wconf 80' lang='lat' dir='ltr'>esse</span> <span class='ocrx_word' id='word_1_196' title='bbox 665 2941 715 2991; x_wconf 79' lang='lat' dir='ltr'>sui.</span> 
     </span>
     <span class='ocr_line' id='line_1_31' title="bbox 172 3017 777 3087; baseline 0.002 -18"><span class='ocrx_word' id='word_1_197' title='bbox 172 3020 239 3083; x_wconf 83' lang='lat' dir='ltr'>Saept</span> <span class='ocrx_word' id='word_1_198' title='bbox 252 3018 343 3079; x_wconf 85' lang='lat' dir='ltr'>refert,</span> <span class='ocrx_word' id='word_1_199' title='bbox 353 3022 384 3069; x_wconf 93' lang='lat' dir='ltr'>sit</span> <span class='ocrx_word' id='word_1_200' title='bbox 394 3035 483 3087; x_wconf 87' lang='lat' dir='ltr'>quanta</span> <span class='ocrx_word' id='word_1_201' title='bbox 494 3017 541 3068; x_wconf 84' lang='lat' dir='ltr'>Dei</span> <span class='ocrx_word' id='word_1_202' title='bbox 556 3017 698 3069; x_wconf 78' lang='lat' dir='ltr'>clementia=</span> <span class='ocrx_word' id='word_1_203' title='bbox 711 3023 777 3086; x_wconf 89' lang='lat' dir='ltr'>cujus</span> 
     </span>
     <span class='ocr_line' id='line_1_32' title="bbox 204 3097 939 3165; baseline 0.005 -18"><span class='ocrx_word' id='word_1_204' title='bbox 204 3097 235 3147; x_wconf 78' lang='lat' dir='ltr'>Sc</span> <span class='ocrx_word' id='word_1_205' title='bbox 246 3113 344 3164; x_wconf 86' lang='lat' dir='ltr'>quoque</span> <span class='ocrx_word' id='word_1_206' title='bbox 355 3101 380 3148; x_wconf 90' lang='lat' dir='ltr'>in</span> <span class='ocrx_word' id='word_1_207' title='bbox 388 3098 502 3165; x_wconf 78' lang='lat' dir='ltr'>exemplis</span> <span class='ocrx_word' id='word_1_208' title='bbox 512 3112 668 3148; x_wconf 79' lang='lat' dir='ltr'>annumerare</span> <span class='ocrx_word' id='word_1_209' title='bbox 679 3097 750 3150; x_wconf 84' lang='lat' dir='ltr'>solet·</span> <span class='ocrx_word' id='word_1_210' title='bbox 908 3101 939 3139; x_wconf 75' lang='lat'>²0</span> 
     </span>
    </p>
   </div>
   <div class='ocr_carea' id='block_1_7' title="bbox 0 0 1172 3917">
    <p class='ocr_par' dir='ltr' id='par_1_13' title="bbox 0 0 1172 3917">
     <span class='ocr_line' id='line_1_33' title="bbox 0 0 1172 3917; baseline 0 3"><span class='ocrx_word' id='word_1_211' title='bbox 0 0 1172 3917; x_wconf 95' lang='lat' dir='ltr'> </span> 
     </span>
    </p>
   </div>
  </div>
 </body>
</html>
