2334 3917
279 418 557 491 Turturum
596 408 698 477 [η.
729 404 761 475 1.
827 409 888 498 185

113 540 120 550 ·
199 598 875 673 *ἕξω-ἕξεων

352 741 625 805 .ELEGIA
663 740 703 801 X.

184 836 330 960 Luem
340 919 497 971 quaecumque
508 902 540 951 est
548 916 602 951 toto
610 903 654 951 tibi
664 899 723 949 leste
733 898 831 962 libello,

215 981 254 1029 Est
264 983 326 1029 mihi
336 980 435 1031 solicite
444 996 550 1045 tempore
561 980 623 1029 fasta
635 981 699 1029 vitae.

181 1057 230 1107 Aut
237 1061 298 1107 haut
305 1075 344 1107 me
354 1057 446 1123 ,gelidi
452 1073 576 1109 tremerem
588 1074 644 1107 eum
651 1057 732 1106 mense
737 1054 892 1116 Decembris,

212 1136 361 1185 scribentem
368 1134 453 1184 mediis
460 1133 548 1185 Hadria
556 1133 618 1184 uidit
626 1137 704 1198 aquit:

179 1210 243 1267 Aut,
261 1212 314 1276 post
322 1212 397 1277 quint
408 1214 522 1263 bimarem
531 1214 599 1261 cursu
608 1211 890 1275 superavimuelsthmon‚
911 1218 922 1262 l
959 1213 962 1221 '

211 1288 340 1355 rllteraque
351 1289 383 1337 est
392 1288 476 1339 nolltae
486 1291 564 1339 sumta
575 1292 656 1338 catina
665 1288 737 1354 fuge.

180 1364 254 1426 Quod
265 1365 368 1415 facerem
382 1368 461 1417 versus
471 1370 533 1416 inter
543 1366 723 1416 feramurmuta
733 1368 804 1431 ponti
814 1400 824 1426 ,

211 1440 331 1505 Cycladas
340 1442 423 1507 AEgias
430 1441 572 1508 obllupuille
580 1459 649 1509 puto.

179 1518 231 1585 Ipse
242 1536 287 1583 ego
298 1536 361 1569 nunt
373 1524 464 1581 miror,
480 1525 551 1570 tantis
563 1525 695 1587 animisque
707 1525 826 1587 narisque

210 1596 331 1645 Fluctibus
340 1600 463 1662 ingenium
473 1614 523 1648 non
534 1595 643 1649 cecidille
654 1616 744 1649 meum.

176 1675 223 1725 Seu
235 1674 314 1739 stupor
324 1677 381 1729 huit
391 1674 484 1731 studio,
498 1679 546 1725 sive
558 1679 613 1725 huic
623 1678 714 1725 insania
723 1666 814 1724 nomen
823 1681 832 1733 ς’

210 1752 296 1801 Omnis
308 1754 337 1801 ab
348 1754 392 1801 hac
401 1752 458 1803 tuti
468 1770 534 1803 ment
543 1754 647 1813 relevata
655 1769 709 1802 mea
719 1753 760 1801 est.

176 1832 242 1895 Saepe'
249 1846 295 1895 ego
305 1831 421 1879 nimbosis
432 1829 518 1880 dubius
528 1833 631 1896 pilabat
641 1832 670 1880 ab
682 1827 777 1888 Hadia

209 1909 275 1972 Saepe
286 1909 366 1957 minax
377 1909 485 1973 Steropes
496 1906 571 1957 sidere
581 1923 669 1973 pontus
680 1921 747 1965 τηις

174 1985 339 2051 fuscabatque
351 1985 416 2035 diem
427 1986 503 2036 tullos
515 1983 701 2049 Erymanthidos
712 1984 778 2033 Ursae
789 2000 797 2043 ς

209 2064 257 2113 Aut
272 2061 368 2125 Hyadas
380 2065 445 2115 saevis
454 2080 550 2114 auxerat
557 2064 638 2114 Auster
648 2067 725 2129 aquit.

175 2142 241 2203 Saepe
254 2144 326 2189 maris
338 2156 391 2205 pars
402 2143 465 2189 intus
476 2157 540 2199 eratt
552 2156 632 2191 tameo
642 2144 690 2206 lpse
701 2142 812 2191 trementi

208 2216 325 2267 Carmina
335 2216 451 2267 ducebam
459 2219 642 2285 qualiacumque
649 2236 730 2268 uranu.

174 2294 247 2345 Nunc
257 2312 353 2361 quoque
365 2300 471 2345 contenti
487 2295 588 2348 stridunt
598 2299 715 2363 Aquilone
729 2295 853 2355 rudentes,

207 2372 282 2438 Inque
293 2371 394 2423 modum
407 2373 604 2429 tumulitoneaua
614 2378 688 2441 surgit
694 2392 772 2441 aqua3

173 2448 226 2513 lpse
238 2450 382 2512 gubernator
396 2450 483 2501 tollens
494 2450 524 2499 ad
535 2450 613 2501 sidera
622 2453 713 2516 palmae

208 2526 320 2591 Exposuit
330 2530 393 2577 votls
403 2562 412 2586 ‚
423 2531 552 2579 immernor
562 2532 636 2587 attis,
648 2546 730 2595 opem.

175 2602 335 2668 Quocumque
344 2605 449 2668 aspicio,
465 2604 526 2653 nihil
540 2605 588 2662 est,
599 2609 645 2653 nisi
657 2608 741 2655 mortis
750 2609 832 2671 imago
842 2622 850 2665 3

209 2680 286 2743 Quam
298 2678 371 2729 dubia
380 2684 455 2731 timeo
463 2698 560 2742 mente,
573 2686 705 2748 timensque
716 2699 809 2748 precor.

173 2759 283 2823 Attigero
293 2774 408 2823 portum,
426 2774 496 2823 portu
506 2763 612 2810 terrebor
621 2762 651 2809 ab
661 2762 725 2826 ipso.

207 2836 262 2885 Plus
273 2838 344 2888 habet
355 2836 439 2887 infesti
447 2852 507 2887 terra
518 2841 611 2887 timoris
622 2838 693 2903 aqui.

173 2914 238 2966 Nam
249 2914 321 2962 timul
331 2912 422 2967 insidiis
432 2916 558 2967 bominum
568 2916 693 2981 pelagique
703 2914 804 2977 laboro,

153 3054 154 3059 ¹
207 2992 237 3040 Et
254 2992 345 3041 faciunt
355 2994 464 3061 geminos
479 2996 539 3042 entis
554 2997 578 3042 δι
595 2992 658 3045 unda
667 3010 755 3045 metus.

172 3068 217 3122 Ille
229 3085 284 3121 meo
291 3086 374 3122 vereor
383 3086 413 3121 ue
424 3072 499 3137 speret
510 3072 622 3139 languine
633 3070 739 3141 praedam
748 3105 759 3135 ,
