2334 3917
241 362 315 456 ¹182
392 382 435 454 P.
464 372 621 453 Or'rmr
641 376 836 453 NAsourn'

245 506 291 557 Sed
303 523 383 557 tamen
398 511 423 556 in
438 505 502 557 duris
518 523 680 557 remanentem
697 508 765 556 rebus
777 510 903 565 amicum,

277 584 416 643 Quamlibet
427 588 519 645 inviso,
534 584 633 644 Caesar,
651 586 769 644 inbelle,
785 586 880 649 probat.

196 653 224 705 ²5
244 658 294 707 Nec
312 658 373 708 soler
383 662 450 708 irasci
462 694 470 720 ,
488 676 564 726 neque
582 664 646 709 enim
656 658 892 716 moderationum,

272 733 338 784 Crlm
349 740 402 802 quis
411 740 436 785 in
447 736 549 787 adversis
558 772 567 796 ,
577 742 596 786 si
606 737 665 803 quid
677 740 783 795 amarit,
800 750 873 784 amat.

241 812 278 861 De
295 818 384 864 comite
400 816 505 879 Argolici
516 816 567 880 post
576 816 651 881 quim
660 818 776 881 cognouit
786 814 892 872 Oreste,
956 874 960 880 .

274 892 390 943 Narratur
400 892 505 956 Pyladen
516 895 564 957 ipse
573 891 681 958 probalse
692 895 781 942 Thoas.

242 970 302 1031 Qua
315 972 361 1021 fuit
373 970 487 1020 Actoridae
498 988 553 1020 curn
565 988 655 1035 magno
666 973 759 1035 semper
770 969 878 1030 Achille,

135 1064 141 1077 ⁴
196 1058 225 1105 30
274 1048 376 1099 Laudari
387 1048 456 1097 solita
465 1048 498 1097 est
509 1048 616 1097 Heiloris
627 1065 669 1097 ore
678 1047 745 1098 fider.

242 1122 315 1187 Quod
328 1130 380 1191 pius
388 1125 419 1175 ad
427 1142 508 1175 manea
517 1127 622 1175 Theseus
630 1143 711 1178 comes
718 1123 773 1175 iil'et
782 1128 879 1186 amico,
936 1133 950 1151 ’-

274 1205 414 1253 Tartareum
429 1202 512 1253 dicunt
523 1202 652 1254 indoluisse
662 1205 752 1254 Deum.

240 1280 337 1343 Euryali
348 1281 448 1347 Nisique
460 1281 507 1330 side
518 1284 578 1340 tibi,
590 1283 687 1342 Turne,
697 1282 771 1331 relnrd
785 1317 793 1341 ,

273 1356 396 1407 Credibile
414 1360 446 1407 est
458 1358 569 1425 lacrumis
579 1357 731 1408 immaduisse
741 1376 820 1424 genas.

194 1448 220 1495 ξς
240 1434 279 1482 Est
294 1438 365 1483 etiam
377 1437 467 1483 miseris
479 1438 569 1499 pietas,
587 1440 611 1485 δι
623 1439 648 1486 in
658 1437 723 1486 hoste
738 1438 859 1501 probatura

273 1511 318 1559 Hei
327 1515 386 1560 mihi
398 1515 404 1561 i
416 1511 489 1578 qualm
500 1530 588 1577 paucos
600 1517 649 1563 haec
660 1531 713 1563 mea
724 1514 785 1563 dicia
797 1514 910 1563 movent!

173 1635 177 1639 .
240 1587 285 1636 Hic
296 1588 383 1650 status,
400 1593 449 1639 hee
460 1607 537 1639 rerum
547 1608 610 1641 nunc
619 1592 652 1640 est
659 1592 755 1642 fortuna
763 1608 887 1650 mearum,

272 1665 365 1715 Debent
375 1681 401 1716 ut
412 1668 523 1731 lacrymis
534 1669 614 1718 nullus
626 1667 702 1719 adesse
713 1668 808 1718 modus.

241 1744 271 1793 Ar
282 1760 335 1793 mea
345 1747 416 1802 sunt,
429 1750 526 1811 proprio
538 1752 648 1813 quamvis
658 1748 801 1796 mestissima
811 1748 865 1797 casu
879 1766 889 1807 ᾗ

190 1825 223 1873 40
272 1822 367 1871 Pedora
377 1821 484 1889 processu
496 1824 555 1873 fana
563 1826 643 1875 serena
653 1842 706 1875 tuo.

239 1900 294 1949 Hoc
305 1918 444 1951 eventurum
455 1906 503 1966 lam
517 1918 568 1952 tum
580 1937 589 1963 ,
609 1908 745 1962 carissime,
761 1900 813 1952 vidi
825 1938 834 1962 ,
857 1923 860 1927 ⁴

271 1980 351 2028 Perret
364 1978 441 2029 adhuc
452 1981 519 2029 istam
532 1982 587 2030 calm
598 1984 678 2031 minor
692 1998 746 2031 aura
760 1996 845 2029 ratem.

238 2056 292 2104 Sive
302 2054 401 2121 aliquod
411 2072 506 2105 morum
517 2059 573 2117 ,seu
583 2061 639 2107 vita
650 2058 703 2107 labe
714 2060 814 2106 carentis

269 2133 309 2181 Est
318 2137 420 2198 pretium
428 2152 435 2194 ς
444 2150 516 2183 nemo
522 2134 724 2199 plurishabendus
735 2138 788 2184 erit.

188 2218 216 2264 45
237 2211 289 2259 Sive
300 2226 340 2274 per
353 2212 465 2275 ingenuas
473 2210 558 2275 aliquis
569 2226 641 2276 eaput
651 2212 804 2261 extulitartes
816 2247 825 2273 ,

227 2332 233 2341 ,
269 2288 389 2349 Quaelibet
399 2288 496 2353 eloquio
508 2288 606 2337 fitbona
618 2292 686 2339 causa
698 2304 750 2339 tuo.

237 2364 280 2415 His
292 2382 336 2430 ego
347 2378 501 2425 commotus,
513 2364 562 2415 diri
573 2367 617 2415 tibi
628 2370 736 2431 protinus
746 2370 806 2433 ipei3

268 2446 342 2493 Stena
356 2458 437 2493 manet
447 2442 514 2493 dotes
523 2443 636 2509 grandis,
648 2449 725 2495 amice
735 2482 742 2506 ,
756 2461 815 2495 tuas.

236 2522 293 2572 Haec
309 2523 368 2570 mihi
378 2538 428 2578 non
439 2524 523 2569 ovium
530 2520 596 2570 fibrae
606 2526 737 2572 tonitrusve
747 2523 849 2582 alnistri,

190 2603 219 2649 50
268 2599 389 2663 Linguave
400 2599 507 2658 servatae,
525 2588 647 2663 pennave,
658 2600 786 2651 diruam·

235 2677 367 2740 Augurium
384 2678 444 2726 ratio
460 2676 509 2736 est,
527 2681 551 2725 δι
568 2681 702 2742 εουῇοᾶιιη
714 2678 802 2738 suturi3

267 2754 318 2802 Hac
329 2752 450 2815 divinavi,
464 2756 624 2821 notitiamque
635 2756 688 2805 ruli.

236 2828 294 2889 Quae
309 2834 424 2896 quoniam
435 2842 485 2881 rata
496 2834 567 2890 sunt,
582 2833 633 2882 rori
644 2836 705 2882 mihi
716 2848 795 2882 mente
808 2835 900 2896 tibique

268 2907 397 2969 Gratulor,
409 2913 532 2974 ingenium
543 2926 592 2959 non
603 2908 696 2960 latuisse
707 2926 785 2961 tuum.

189 2986 216 3035 ii
237 2983 266 3033 At
284 2985 387 3035 nostrum
400 2989 501 3037 tenebris
511 2991 603 3038 utinam
614 2988 717 3039 iatuiller
727 2978 832 3040 mimis!

267 3062 377 3127 Expediit
386 3062 462 3114 studio
477 3066 559 3115 lumen
570 3062 646 3116 abesse
657 3083 721 3117 meo.
