<?xml version="1.0" encoding="UTF-8"?>
<!DOCTYPE html PUBLIC "-//W3C//DTD XHTML 1.0 Transitional//EN"
    "http://www.w3.org/TR/xhtml1/DTD/xhtml1-transitional.dtd">
<html xmlns="http://www.w3.org/1999/xhtml" xml:lang="en" lang="en">
 <head>
  <title>
</title>
<meta http-equiv="Content-Type" content="text/html;charset=utf-8" />
  <meta name='ocr-system' content='tesseract 3.04.00' />
  <meta name='ocr-capabilities' content='ocr_page ocr_carea ocr_par ocr_line ocrx_word'/>
</head>
<body>
  <div class='ocr_page' id='page_1' title='image "./povidiinasoniso05ovidgoog_0339.png"; bbox 0 0 2334 3917; ppageno 0'>
   <div class='ocr_carea' id='block_1_1' title="bbox 261 389 870 485">
    <p class='ocr_par' dir='ltr' id='par_1_1' title="bbox 261 389 870 485">
     <span class='ocr_line' id='line_1_1' title="bbox 261 389 870 485; baseline -0.044 1"><span class='ocrx_word' id='word_1_1' title='bbox 261 420 402 485; x_wconf 69' lang='lat' dir='ltr'>Error.</span> <span class='ocrx_word' id='word_1_2' title='bbox 419 426 475 477; x_wconf 76' lang='lat' dir='ltr'>nx</span> <span class='ocrx_word' id='word_1_3' title='bbox 486 389 776 475; x_wconf 80' lang='lat' dir='ltr'>PonroL.IlI.</span> <span class='ocrx_word' id='word_1_4' title='bbox 809 419 823 483; x_wconf 83' lang='lat'><em>3</em></span> <span class='ocrx_word' id='word_1_5' title='bbox 833 417 870 482; x_wconf 75' lang='lat'>3¹</span> 
     </span>
    </p>
   </div>
   <div class='ocr_carea' id='block_1_2' title="bbox 148 522 934 1916">
    <p class='ocr_par' dir='ltr' id='par_1_2' title="bbox 148 522 934 1916">
     <span class='ocr_line' id='line_1_2' title="bbox 158 522 743 595; baseline -0.048 1"><span class='ocrx_word' id='word_1_6' title='bbox 158 546 213 595; x_wconf 80' lang='lat' dir='ltr'>sint</span> <span class='ocrx_word' id='word_1_7' title='bbox 225 547 269 592; x_wconf 88' lang='lat' dir='ltr'>hac</span> <span class='ocrx_word' id='word_1_8' title='bbox 281 538 389 589; x_wconf 81' lang='lat' dir='ltr'><strong>contenti</strong></span> <span class='ocrx_word' id='word_1_9' title='bbox 401 530 488 585; x_wconf 69' lang='lat' dir='ltr'>venii,</span> <span class='ocrx_word' id='word_1_10' title='bbox 506 531 647 594; x_wconf 77' lang='lat' dir='ltr'>signentque</span> <span class='ocrx_word' id='word_1_11' title='bbox 660 522 743 571; x_wconf 80' lang='lat' dir='ltr'>licebit</span> 
     </span>
     <span class='ocr_line' id='line_1_3' title="bbox 148 601 764 686; baseline -0.047 -12"><span class='ocrx_word' id='word_1_12' title='bbox 148 670 161 686; x_wconf 45' lang='lat' dir='ltr'><em>J</em></span> <span class='ocrx_word' id='word_1_13' title='bbox 194 622 293 685; x_wconf 81' lang='lat' dir='ltr'>Purgrri</span> <span class='ocrx_word' id='word_1_14' title='bbox 312 618 422 672; x_wconf 69' lang='lat' dir='ltr'>sadum,</span> <span class='ocrx_word' id='word_1_15' title='bbox 438 628 477 660; x_wconf 88' lang='lat' dir='ltr'>me</span> <span class='ocrx_word' id='word_1_16' title='bbox 492 622 589 675; x_wconf 82' lang='lat' dir='ltr'>quoque</span> <span class='ocrx_word' id='word_1_17' title='bbox 598 604 669 660; x_wconf 88' lang='lat' dir='ltr'>teste,</span> <span class='ocrx_word' id='word_1_18' title='bbox 685 601 764 648; x_wconf 87' lang='lat' dir='ltr'>suurn.</span> 
     </span>
     <span class='ocr_line' id='line_1_4' title="bbox 159 680 923 759; baseline -0.045 -12"><span class='ocrx_word' id='word_1_19' title='bbox 159 700 216 749; x_wconf 88' lang='lat' dir='ltr'>Pars</span> <span class='ocrx_word' id='word_1_20' title='bbox 235 698 287 746; x_wconf 87' lang='lat' dir='ltr'>estis</span> <span class='ocrx_word' id='word_1_21' title='bbox 301 694 370 759; x_wconf 84' lang='lat' dir='ltr'>pauci</span> <span class='ocrx_word' id='word_1_22' title='bbox 384 692 464 755; x_wconf 87' lang='lat' dir='ltr'>potior</span> <span class='ocrx_word' id='word_1_23' title='bbox 477 722 484 746; x_wconf 91' lang='lat'>,</span> <span class='ocrx_word' id='word_1_24' title='bbox 504 688 545 751; x_wconf 85' lang='lat' dir='ltr'>qui</span> <span class='ocrx_word' id='word_1_25' title='bbox 555 684 623 732; x_wconf 87' lang='lat' dir='ltr'>rebus</span> <span class='ocrx_word' id='word_1_26' title='bbox 634 683 660 727; x_wconf 86' lang='lat' dir='ltr'>in</span> <span class='ocrx_word' id='word_1_27' title='bbox 670 680 738 726; x_wconf 71' lang='lat' dir='ltr'>ardis</span> <span class='ocrx_word' id='word_1_28' title='bbox 759 733 761 749; x_wconf 51' lang='grc' dir='ltr'>Ι</span> <span class='ocrx_word' id='word_1_29' title='bbox 896 680 923 730; x_wconf 75' lang='lat'>25</span> 
     </span>
     <span class='ocr_line' id='line_1_5' title="bbox 196 757 731 826; baseline -0.047 -3"><span class='ocrx_word' id='word_1_30' title='bbox 196 776 264 823; x_wconf 85' lang='lat' dir='ltr'>Ferre</span> <span class='ocrx_word' id='word_1_31' title='bbox 277 771 338 819; x_wconf 88' lang='lat' dir='ltr'>mihi</span> <span class='ocrx_word' id='word_1_32' title='bbox 352 766 445 816; x_wconf 81' lang='lat' dir='ltr'>nullam</span> <span class='ocrx_word' id='word_1_33' title='bbox 461 777 529 826; x_wconf 86' lang='lat' dir='ltr'>turpe</span> <span class='ocrx_word' id='word_1_34' title='bbox 543 757 640 824; x_wconf 81' lang='lat' dir='ltr'>putastis</span> <span class='ocrx_word' id='word_1_35' title='bbox 650 767 731 817; x_wconf 89' lang='lat' dir='ltr'>opem.</span> 
     </span>
     <span class='ocr_line' id='line_1_6' title="bbox 161 828 722 913; baseline -0.046 -11"><span class='ocrx_word' id='word_1_36' title='bbox 161 854 233 902; x_wconf 89' lang='lat' dir='ltr'>Tunc</span> <span class='ocrx_word' id='word_1_37' title='bbox 244 852 317 913; x_wconf 83' lang='lat' dir='ltr'>igitur</span> <span class='ocrx_word' id='word_1_38' title='bbox 328 845 408 894; x_wconf 87' lang='lat' dir='ltr'>meriti</span> <span class='ocrx_word' id='word_1_39' title='bbox 419 842 536 889; x_wconf 91' lang='lat' dir='ltr'>morietur</span> <span class='ocrx_word' id='word_1_40' title='bbox 546 828 622 900; x_wconf 74' lang='lat' dir='ltr'>gratia</span> <span class='ocrx_word' id='word_1_41' title='bbox 632 830 702 881; x_wconf 82' lang='lat' dir='ltr'>vestri</span> <span class='ocrx_word' id='word_1_42' title='bbox 712 862 722 888; x_wconf 94' lang='lat'>,</span> 
     </span>
     <span class='ocr_line' id='line_1_7' title="bbox 198 910 765 983; baseline -0.044 -6"><span class='ocrx_word' id='word_1_43' title='bbox 198 927 264 978; x_wconf 79' lang='lat' dir='ltr'>cum</span> <span class='ocrx_word' id='word_1_44' title='bbox 278 928 337 973; x_wconf 90' lang='lat' dir='ltr'>cinis</span> <span class='ocrx_word' id='word_1_45' title='bbox 349 957 357 983; x_wconf 94' lang='lat'>,</span> <span class='ocrx_word' id='word_1_46' title='bbox 373 922 484 970; x_wconf 84' lang='lat' dir='ltr'>absutnto</span> <span class='ocrx_word' id='word_1_47' title='bbox 495 929 611 979; x_wconf 85' lang='lat' dir='ltr'>corpore,</span> <span class='ocrx_word' id='word_1_48' title='bbox 627 910 701 958; x_wconf 67' lang='lat' dir='ltr'>fadus</span> <span class='ocrx_word' id='word_1_49' title='bbox 713 921 765 954; x_wconf 90' lang='lat' dir='ltr'>eto.</span> 
     </span>
     <span class='ocr_line' id='line_1_8' title="bbox 163 988 763 1064; baseline -0.038 -9"><span class='ocrx_word' id='word_1_50' title='bbox 163 1007 243 1055; x_wconf 78' lang='lat' dir='ltr'>Fallat</span> <span class='ocrx_word' id='word_1_51' title='bbox 255 1038 263 1064; x_wconf 93' lang='lat'>,</span> <span class='ocrx_word' id='word_1_52' title='bbox 275 1007 299 1053; x_wconf 72' lang='grc' dir='ltr'>ὅ(</span> <span class='ocrx_word' id='word_1_53' title='bbox 310 1002 352 1051; x_wconf 79' lang='lat' dir='ltr'>iila</span> <span class='ocrx_word' id='word_1_54' title='bbox 369 1014 427 1048; x_wconf 80' lang='lat' dir='ltr'>meae</span> <span class='ocrx_word' id='word_1_55' title='bbox 440 995 559 1061; x_wconf 80' lang='lat' dir='ltr'>superabit</span> <span class='ocrx_word' id='word_1_56' title='bbox 571 1004 680 1054; x_wconf 84' lang='lat' dir='ltr'>tempora</span> <span class='ocrx_word' id='word_1_57' title='bbox 688 988 763 1036; x_wconf 76' lang='lat' dir='ltr'>vitree</span> 
     </span>
     <span class='ocr_line' id='line_1_9' title="bbox 197 1066 930 1138; baseline -0.046 -4"><span class='ocrx_word' id='word_1_58' title='bbox 197 1086 222 1134; x_wconf 83' lang='lat' dir='ltr'>Si</span> <span class='ocrx_word' id='word_1_59' title='bbox 241 1096 321 1133; x_wconf 73' lang='lat' dir='ltr'>temen</span> <span class='ocrx_word' id='word_1_60' title='bbox 335 1097 350 1131; x_wconf 86' lang='lat' dir='ltr'>a</span> <span class='ocrx_word' id='word_1_61' title='bbox 364 1078 467 1127; x_wconf 88' lang='lat' dir='ltr'>memori</span> <span class='ocrx_word' id='word_1_62' title='bbox 482 1072 620 1138; x_wconf 84' lang='lat' dir='ltr'>posteritate</span> <span class='ocrx_word' id='word_1_63' title='bbox 637 1066 711 1130; x_wconf 80' lang='lat' dir='ltr'>legar.</span> <span class='ocrx_word' id='word_1_64' title='bbox 900 1068 930 1113; x_wconf 76' lang='lat'>30</span> 
     </span>
     <span class='ocr_line' id='line_1_10' title="bbox 163 1143 747 1229; baseline -0.041 -16"><span class='ocrx_word' id='word_1_65' title='bbox 163 1163 276 1229; x_wconf 78' lang='lat' dir='ltr'>Corpora</span> <span class='ocrx_word' id='word_1_66' title='bbox 294 1157 410 1209; x_wconf 83' lang='lat' dir='ltr'>debentur</span> <span class='ocrx_word' id='word_1_67' title='bbox 424 1152 508 1203; x_wconf 76' lang='lat' dir='ltr'>mestis</span> <span class='ocrx_word' id='word_1_68' title='bbox 520 1148 646 1212; x_wconf 78' lang='lat' dir='ltr'>exsanguia</span> <span class='ocrx_word' id='word_1_69' title='bbox 656 1143 728 1193; x_wconf 86' lang='lat' dir='ltr'>bustis</span> <span class='ocrx_word' id='word_1_70' title='bbox 739 1158 747 1191; x_wconf 81' lang='lat' dir='ltr'>e</span> 
     </span>
     <span class='ocr_line' id='line_1_11' title="bbox 199 1230 760 1303; baseline -0.037 -14"><span class='ocrx_word' id='word_1_71' title='bbox 199 1238 325 1303; x_wconf 84' lang='lat' dir='ltr'>Effugiunt</span> <span class='ocrx_word' id='word_1_72' title='bbox 335 1236 431 1286; x_wconf 70' lang='lat' dir='ltr'>strudos</span> <span class='ocrx_word' id='word_1_73' title='bbox 442 1244 531 1280; x_wconf 90' lang='lat' dir='ltr'>nomen</span> <span class='ocrx_word' id='word_1_74' title='bbox 542 1230 668 1290; x_wconf 82' lang='lat' dir='ltr'>honorque</span> <span class='ocrx_word' id='word_1_75' title='bbox 679 1236 760 1287; x_wconf 71' lang='lat' dir='ltr'>rogos.</span> 
     </span>
     <span class='ocr_line' id='line_1_12' title="bbox 165 1297 815 1373; baseline -0.037 -5"><span class='ocrx_word' id='word_1_76' title='bbox 165 1316 265 1369; x_wconf 85' lang='lat' dir='ltr'>Occidit</span> <span class='ocrx_word' id='word_1_77' title='bbox 275 1319 299 1365; x_wconf 75' lang='grc' dir='ltr'>δι</span> <span class='ocrx_word' id='word_1_78' title='bbox 315 1313 440 1371; x_wconf 81' lang='lat' dir='ltr'>Theseus,</span> <span class='ocrx_word' id='word_1_79' title='bbox 455 1313 480 1358; x_wconf 74' lang='grc' dir='ltr'>δι</span> <span class='ocrx_word' id='word_1_80' title='bbox 496 1308 539 1373; x_wconf 88' lang='lat' dir='ltr'>qui</span> <span class='ocrx_word' id='word_1_81' title='bbox 557 1303 685 1354; x_wconf 82' lang='lat' dir='ltr'>comitavit</span> <span class='ocrx_word' id='word_1_82' title='bbox 700 1297 815 1348; x_wconf 74' lang='lat' dir='ltr'>Orestem</span> 
     </span>
     <span class='ocr_line' id='line_1_13' title="bbox 199 1382 716 1447; baseline -0.037 -2"><span class='ocrx_word' id='word_1_83' title='bbox 199 1393 246 1445; x_wconf 81' lang='lat' dir='ltr'>Sed</span> <span class='ocrx_word' id='word_1_84' title='bbox 258 1394 372 1443; x_wconf 88' lang='lat' dir='ltr'>tamenin</span> <span class='ocrx_word' id='word_1_85' title='bbox 383 1386 463 1437; x_wconf 81' lang='lat' dir='ltr'>laudes</span> <span class='ocrx_word' id='word_1_86' title='bbox 474 1387 536 1437; x_wconf 83' lang='lat' dir='ltr'>vivit</span> <span class='ocrx_word' id='word_1_87' title='bbox 548 1396 647 1447; x_wconf 89' lang='lat' dir='ltr'>uterque</span> <span class='ocrx_word' id='word_1_88' title='bbox 655 1382 716 1428; x_wconf 80' lang='lat' dir='ltr'>suas.</span> 
     </span>
     <span class='ocr_line' id='line_1_14' title="bbox 166 1461 928 1527; baseline -0.034 -3"><span class='ocrx_word' id='word_1_89' title='bbox 166 1476 218 1525; x_wconf 86' lang='lat' dir='ltr'>Vos</span> <span class='ocrx_word' id='word_1_90' title='bbox 233 1474 306 1521; x_wconf 80' lang='lat' dir='ltr'>etiam</span> <span class='ocrx_word' id='word_1_91' title='bbox 321 1471 364 1518; x_wconf 88' lang='lat' dir='ltr'>seri</span> <span class='ocrx_word' id='word_1_92' title='bbox 381 1464 512 1516; x_wconf 83' lang='lat' dir='ltr'>laudabunt</span> <span class='ocrx_word' id='word_1_93' title='bbox 523 1464 582 1527; x_wconf 82' lang='lat' dir='ltr'>saepe</span> <span class='ocrx_word' id='word_1_94' title='bbox 596 1473 717 1524; x_wconf 80' lang='lat' dir='ltr'>nepotes,</span> <span class='ocrx_word' id='word_1_95' title='bbox 902 1461 928 1508; x_wconf 78' lang='lat'>35</span> 
     </span>
     <span class='ocr_line' id='line_1_15' title="bbox 200 1537 734 1615; baseline -0.037 -14"><span class='ocrx_word' id='word_1_96' title='bbox 200 1552 320 1615; x_wconf 84' lang='lat' dir='ltr'>Claraque</span> <span class='ocrx_word' id='word_1_97' title='bbox 331 1549 377 1597; x_wconf 87' lang='lat' dir='ltr'>erit</span> <span class='ocrx_word' id='word_1_98' title='bbox 388 1544 480 1608; x_wconf 88' lang='lat' dir='ltr'>scriptis</span> <span class='ocrx_word' id='word_1_99' title='bbox 492 1540 569 1606; x_wconf 81' lang='lat' dir='ltr'>gloria</span> <span class='ocrx_word' id='word_1_100' title='bbox 578 1537 654 1587; x_wconf 73' lang='lat' dir='ltr'>vestra</span> <span class='ocrx_word' id='word_1_101' title='bbox 664 1537 734 1583; x_wconf 87' lang='lat' dir='ltr'>meis.</span> 
     </span>
     <span class='ocr_line' id='line_1_16' title="bbox 167 1610 849 1696; baseline -0.037 -15"><span class='ocrx_word' id='word_1_102' title='bbox 167 1630 215 1681; x_wconf 82' lang='lat' dir='ltr'>iiic</span> <span class='ocrx_word' id='word_1_103' title='bbox 229 1644 325 1696; x_wconf 92' lang='lat' dir='ltr'>quoque</span> <span class='ocrx_word' id='word_1_104' title='bbox 337 1627 482 1674; x_wconf 81' lang='lat' dir='ltr'>Sauromatae</span> <span class='ocrx_word' id='word_1_105' title='bbox 491 1622 590 1684; x_wconf 74' lang='lat' dir='ltr'>iamvos</span> <span class='ocrx_word' id='word_1_106' title='bbox 601 1628 689 1663; x_wconf 84' lang='lat' dir='ltr'>novere</span> <span class='ocrx_word' id='word_1_107' title='bbox 696 1646 705 1672; x_wconf 92' lang='lat'>,</span> <span class='ocrx_word' id='word_1_108' title='bbox 716 1610 831 1676; x_wconf 79' lang='lat' dir='ltr'>Getaeque</span> <span class='ocrx_word' id='word_1_109' title='bbox 842 1624 849 1656; x_wconf 83' lang='lat' dir='ltr'>e</span> 
     </span>
     <span class='ocr_line' id='line_1_17' title="bbox 194 1691 701 1758; baseline -0.043 1"><span class='ocrx_word' id='word_1_110' title='bbox 194 1701 232 1758; x_wconf 50' lang='lat' dir='ltr'>&#39;Et</span> <span class='ocrx_word' id='word_1_111' title='bbox 243 1707 299 1757; x_wconf 86' lang='lat' dir='ltr'>tales</span> <span class='ocrx_word' id='word_1_112' title='bbox 311 1708 404 1755; x_wconf 83' lang='lat' dir='ltr'>animos</span> <span class='ocrx_word' id='word_1_113' title='bbox 417 1699 517 1749; x_wconf 79' lang='lat' dir='ltr'>barbara</span> <span class='ocrx_word' id='word_1_114' title='bbox 526 1694 595 1745; x_wconf 76' lang='lat' dir='ltr'>turba</span> <span class='ocrx_word' id='word_1_115' title='bbox 605 1691 701 1758; x_wconf 82' lang='lat' dir='ltr'>probat.</span> 
     </span>
     <span class='ocr_line' id='line_1_18' title="bbox 168 1766 828 1852; baseline -0.038 -15"><span class='ocrx_word' id='word_1_116' title='bbox 168 1786 281 1852; x_wconf 81' lang='lat' dir='ltr'>Cquue</span> <span class='ocrx_word' id='word_1_117' title='bbox 299 1798 344 1848; x_wconf 82' lang='lat' dir='ltr'>ego</span> <span class='ocrx_word' id='word_1_118' title='bbox 355 1779 385 1830; x_wconf 87' lang='lat' dir='ltr'>dc</span> <span class='ocrx_word' id='word_1_119' title='bbox 395 1778 471 1830; x_wconf 84' lang='lat' dir='ltr'>vestra</span> <span class='ocrx_word' id='word_1_120' title='bbox 481 1790 556 1839; x_wconf 85' lang='lat' dir='ltr'>nuper</span> <span class='ocrx_word' id='word_1_121' title='bbox 568 1772 688 1837; x_wconf 78' lang='lat' dir='ltr'>probitate</span> <span class='ocrx_word' id='word_1_122' title='bbox 698 1766 828 1826; x_wconf 82' lang='lat' dir='ltr'>referrem,</span> 
     </span>
     <span class='ocr_line' id='line_1_19' title="bbox 201 1838 934 1916; baseline -0.042 -1"><span class='ocrx_word' id='word_1_123' title='bbox 201 1866 266 1915; x_wconf 80' lang='lat' dir='ltr'>Nam</span> <span class='ocrx_word' id='word_1_124' title='bbox 280 1860 355 1911; x_wconf 86' lang='lat' dir='ltr'>didici</span> <span class='ocrx_word' id='word_1_125' title='bbox 365 1854 448 1909; x_wconf 65' lang='lat' dir='ltr'>Getici</span> <span class='ocrx_word' id='word_1_126' title='bbox 456 1848 633 1916; x_wconf 72' lang='lat' dir='ltr'>Sarmaticeque</span> <span class='ocrx_word' id='word_1_127' title='bbox 641 1838 710 1912; x_wconf 87' lang='lat' dir='ltr'>ioqui</span> <span class='ocrx_word' id='word_1_128' title='bbox 720 1862 728 1904; x_wconf 82' lang='lat'>3</span> <span class='ocrx_word' id='word_1_129' title='bbox 900 1869 934 1916; x_wconf 74' lang='lat'>40</span> 
     </span>
    </p>
   </div>
   <div class='ocr_carea' id='block_1_3' title="bbox 78 1922 804 2003">
    <p class='ocr_par' dir='ltr' id='par_1_3' title="bbox 78 1922 804 2003">
     <span class='ocr_line' id='line_1_20' title="bbox 78 1922 804 2003; baseline -0.037 -6"><span class='ocrx_word' id='word_1_130' title='bbox 78 1968 79 1979; x_wconf 55' lang='lat'>¹</span> <span class='ocrx_word' id='word_1_131' title='bbox 171 1941 242 1993; x_wconf 62' lang='lat' dir='ltr'>Forte*</span> <span class='ocrx_word' id='word_1_132' title='bbox 259 1944 328 1990; x_wconf 88' lang='lat' dir='ltr'>senex</span> <span class='ocrx_word' id='word_1_133' title='bbox 345 1934 460 2003; x_wconf 82' lang='lat' dir='ltr'>quidam,</span> <span class='ocrx_word' id='word_1_134' title='bbox 479 1945 544 1982; x_wconf 81' lang='lat' dir='ltr'>coetu</span> <span class='ocrx_word' id='word_1_135' title='bbox 555 1928 612 1978; x_wconf 85' lang='lat' dir='ltr'>cdrn</span> <span class='ocrx_word' id='word_1_136' title='bbox 621 1927 691 1977; x_wconf 75' lang='lat' dir='ltr'>staret</span> <span class='ocrx_word' id='word_1_137' title='bbox 701 1922 727 1974; x_wconf 86' lang='lat' dir='ltr'>in</span> <span class='ocrx_word' id='word_1_138' title='bbox 740 1922 804 1983; x_wconf 90' lang='lat' dir='ltr'>illo,</span> 
     </span>
    </p>
   </div>
   <div class='ocr_carea' id='block_1_4' title="bbox 170 2008 885 2239">
    <p class='ocr_par' dir='ltr' id='par_1_4' title="bbox 170 2008 885 2239">
     <span class='ocr_line' id='line_1_21' title="bbox 204 2008 704 2070; baseline -0.034 0"><span class='ocrx_word' id='word_1_139' title='bbox 204 2017 320 2070; x_wconf 90' lang='lat' dir='ltr'>Reddidit</span> <span class='ocrx_word' id='word_1_140' title='bbox 331 2014 362 2065; x_wconf 79' lang='lat' dir='ltr'>ad</span> <span class='ocrx_word' id='word_1_141' title='bbox 370 2013 462 2064; x_wconf 87' lang='lat' dir='ltr'>nostros</span> <span class='ocrx_word' id='word_1_142' title='bbox 474 2009 531 2059; x_wconf 76' lang='lat' dir='ltr'>talia</span> <span class='ocrx_word' id='word_1_143' title='bbox 540 2008 613 2059; x_wconf 78' lang='lat' dir='ltr'>rerba</span> <span class='ocrx_word' id='word_1_144' title='bbox 623 2008 704 2055; x_wconf 87' lang='lat' dir='ltr'>sonos.</span> 
     </span>
     <span class='ocr_line' id='line_1_22' title="bbox 170 2081 885 2163; baseline -0.029 -14"><span class='ocrx_word' id='word_1_145' title='bbox 170 2098 222 2149; x_wconf 86' lang='lat' dir='ltr'>Nos</span> <span class='ocrx_word' id='word_1_146' title='bbox 233 2100 329 2163; x_wconf 83' lang='lat' dir='ltr'>quoque</span> <span class='ocrx_word' id='word_1_147' title='bbox 339 2094 450 2143; x_wconf 77' lang='lat' dir='ltr'>amicitie</span> <span class='ocrx_word' id='word_1_148' title='bbox 461 2104 553 2139; x_wconf 89' lang='lat' dir='ltr'>nomen</span> <span class='ocrx_word' id='word_1_149' title='bbox 564 2088 624 2135; x_wconf 89' lang='lat' dir='ltr'>bene</span> <span class='ocrx_word' id='word_1_150' title='bbox 634 2086 765 2146; x_wconf 80' lang='lat' dir='ltr'>novimus,</span> <span class='ocrx_word' id='word_1_151' title='bbox 783 2081 885 2146; x_wconf 78' lang='lat' dir='ltr'>hospes,</span> 
     </span>
     <span class='ocr_line' id='line_1_23' title="bbox 203 2164 755 2239; baseline -0.033 -13"><span class='ocrx_word' id='word_1_152' title='bbox 203 2178 269 2237; x_wconf 84' lang='lat' dir='ltr'>Quos</span> <span class='ocrx_word' id='word_1_153' title='bbox 281 2173 365 2239; x_wconf 88' lang='lat' dir='ltr'>procul</span> <span class='ocrx_word' id='word_1_154' title='bbox 379 2189 393 2221; x_wconf 84' lang='lat' dir='ltr'>a</span> <span class='ocrx_word' id='word_1_155' title='bbox 407 2170 475 2222; x_wconf 88' lang='lat' dir='ltr'>vobis</span> <span class='ocrx_word' id='word_1_156' title='bbox 487 2164 589 2232; x_wconf 79' lang='lat' dir='ltr'>frigidus</span> <span class='ocrx_word' id='word_1_157' title='bbox 602 2164 659 2213; x_wconf 83' lang='lat' dir='ltr'>ister</span> <span class='ocrx_word' id='word_1_158' title='bbox 674 2164 755 2211; x_wconf 82' lang='lat' dir='ltr'>habet.</span> 
     </span>
    </p>
   </div>
   <div class='ocr_carea' id='block_1_5' title="bbox 170 2241 934 2392">
    <p class='ocr_par' dir='ltr' id='par_1_5' title="bbox 170 2241 934 2392">
     <span class='ocr_line' id='line_1_24' title="bbox 170 2241 934 2313; baseline -0.031 -7"><span class='ocrx_word' id='word_1_159' title='bbox 170 2256 210 2305; x_wconf 87' lang='lat' dir='ltr'>Est</span> <span class='ocrx_word' id='word_1_160' title='bbox 228 2256 294 2303; x_wconf 87' lang='lat' dir='ltr'>iocus</span> <span class='ocrx_word' id='word_1_161' title='bbox 302 2256 327 2301; x_wconf 89' lang='lat' dir='ltr'>in</span> <span class='ocrx_word' id='word_1_162' title='bbox 336 2252 433 2313; x_wconf 82' lang='lat' dir='ltr'>Scythia</span> <span class='ocrx_word' id='word_1_163' title='bbox 443 2282 451 2307; x_wconf 95' lang='lat'>,</span> <span class='ocrx_word' id='word_1_164' title='bbox 463 2248 555 2296; x_wconf 82' lang='lat' dir='ltr'>Tauros</span> <span class='ocrx_word' id='word_1_165' title='bbox 567 2241 647 2292; x_wconf 81' lang='lat' dir='ltr'>dixere</span> <span class='ocrx_word' id='word_1_166' title='bbox 658 2242 766 2306; x_wconf 87' lang='lat' dir='ltr'>priores,</span> <span class='ocrx_word' id='word_1_167' title='bbox 903 2251 934 2299; x_wconf 76' lang='lat'>45</span> 
     </span>
     <span class='ocr_line' id='line_1_25' title="bbox 205 2320 718 2392; baseline -0.031 -11"><span class='ocrx_word' id='word_1_168' title='bbox 205 2334 253 2392; x_wconf 88' lang='lat' dir='ltr'>Qui</span> <span class='ocrx_word' id='word_1_169' title='bbox 266 2329 351 2378; x_wconf 72' lang='lat' dir='ltr'>Getici</span> <span class='ocrx_word' id='word_1_170' title='bbox 364 2324 435 2391; x_wconf 69' lang='lat' dir='ltr'>longi</span> <span class='ocrx_word' id='word_1_171' title='bbox 446 2326 539 2373; x_wconf 82' lang='lat' dir='ltr'>nonita</span> <span class='ocrx_word' id='word_1_172' title='bbox 552 2320 624 2371; x_wconf 86' lang='lat' dir='ltr'>distat</span> <span class='ocrx_word' id='word_1_173' title='bbox 633 2322 718 2367; x_wconf 84' lang='lat' dir='ltr'>humo.</span> 
     </span>
    </p>
   </div>
   <div class='ocr_carea' id='block_1_6' title="bbox 171 2399 819 2471">
    <p class='ocr_par' dir='ltr' id='par_1_6' title="bbox 171 2399 819 2471">
     <span class='ocr_line' id='line_1_26' title="bbox 171 2399 819 2471; baseline -0.028 -14"><span class='ocrx_word' id='word_1_174' title='bbox 171 2410 223 2460; x_wconf 77' lang='lat' dir='ltr'>Hac</span> <span class='ocrx_word' id='word_1_175' title='bbox 234 2424 279 2471; x_wconf 82' lang='lat' dir='ltr'>ego</span> <span class='ocrx_word' id='word_1_176' title='bbox 291 2408 342 2452; x_wconf 88' lang='lat' dir='ltr'>sum</span> <span class='ocrx_word' id='word_1_177' title='bbox 353 2402 431 2460; x_wconf 77' lang='lat' dir='ltr'>terri,</span> <span class='ocrx_word' id='word_1_178' title='bbox 444 2404 527 2465; x_wconf 84' lang='lat' dir='ltr'>patriae</span> <span class='ocrx_word' id='word_1_179' title='bbox 539 2414 582 2447; x_wconf 90' lang='lat' dir='ltr'>nec</span> <span class='ocrx_word' id='word_1_180' title='bbox 594 2399 713 2461; x_wconf 68' lang='lat' dir='ltr'>poenitet,</span> <span class='ocrx_word' id='word_1_181' title='bbox 734 2406 819 2443; x_wconf 90' lang='lat' dir='ltr'>ortus:</span> 
     </span>
    </p>
   </div>
   <div class='ocr_carea' id='block_1_7' title="bbox 169 2475 992 2705">
    <p class='ocr_par' dir='ltr' id='par_1_7' title="bbox 169 2475 992 2705">
     <span class='ocr_line' id='line_1_27' title="bbox 204 2475 734 2543; baseline -0.028 -9"><span class='ocrx_word' id='word_1_182' title='bbox 204 2485 350 2535; x_wconf 83' lang='lat' dir='ltr'>Consortem&#39;</span> <span class='ocrx_word' id='word_1_183' title='bbox 361 2480 445 2528; x_wconf 82' lang='lat' dir='ltr'>Phoebi</span> <span class='ocrx_word' id='word_1_184' title='bbox 455 2494 511 2543; x_wconf 82' lang='lat' dir='ltr'>gens</span> <span class='ocrx_word' id='word_1_185' title='bbox 522 2475 582 2525; x_wconf 88' lang='lat' dir='ltr'>colit</span> <span class='ocrx_word' id='word_1_186' title='bbox 593 2475 636 2523; x_wconf 79' lang='lat' dir='ltr'>iila</span> <span class='ocrx_word' id='word_1_187' title='bbox 646 2475 734 2524; x_wconf 81' lang='lat' dir='ltr'>Deam.</span> 
     </span>
     <span class='ocr_line' id='line_1_28' title="bbox 173 2550 830 2626; baseline -0.026 -12"><span class='ocrx_word' id='word_1_188' title='bbox 173 2561 277 2626; x_wconf 83' lang='lat' dir='ltr'>Templa</span> <span class='ocrx_word' id='word_1_189' title='bbox 294 2572 391 2608; x_wconf 82' lang='lat' dir='ltr'>manent</span> <span class='ocrx_word' id='word_1_190' title='bbox 409 2554 502 2614; x_wconf 87' lang='lat' dir='ltr'>hodie,</span> <span class='ocrx_word' id='word_1_191' title='bbox 521 2555 592 2604; x_wconf 79' lang='lat' dir='ltr'>vastis</span> <span class='ocrx_word' id='word_1_192' title='bbox 604 2556 685 2601; x_wconf 84' lang='lat' dir='ltr'>innixa</span> <span class='ocrx_word' id='word_1_193' title='bbox 696 2550 830 2599; x_wconf 79' lang='lat' dir='ltr'>columnisr</span> 
     </span>
     <span class='ocr_line' id='line_1_29' title="bbox 169 2627 992 2705; baseline -0.032 -14"><span class='ocrx_word' id='word_1_194' title='bbox 169 2664 173 2671; x_wconf 94' lang='lat'>·</span> <span class='ocrx_word' id='word_1_195' title='bbox 204 2642 294 2705; x_wconf 88' lang='lat' dir='ltr'>Perque</span> <span class='ocrx_word' id='word_1_196' title='bbox 306 2652 388 2704; x_wconf 82' lang='lat' dir='ltr'>quater</span> <span class='ocrx_word' id='word_1_197' title='bbox 402 2633 532 2685; x_wconf 85' lang='lat' dir='ltr'>deoositur</span> <span class='ocrx_word' id='word_1_198' title='bbox 544 2635 568 2680; x_wconf 89' lang='lat' dir='ltr'>in</span> <span class='ocrx_word' id='word_1_199' title='bbox 580 2631 622 2679; x_wconf 78' lang='lat' dir='ltr'>iiia</span> <span class='ocrx_word' id='word_1_200' title='bbox 633 2627 728 2694; x_wconf 77' lang='lat' dir='ltr'>gradus.</span> <span class='ocrx_word' id='word_1_201' title='bbox 906 2635 935 2683; x_wconf 76' lang='lat'>50</span> <span class='ocrx_word' id='word_1_202' title='bbox 989 2657 992 2663; x_wconf 72' lang='grc'>,</span> 
     </span>
    </p>
   </div>
   <div class='ocr_carea' id='block_1_8' title="bbox 95 2705 720 2777">
    <p class='ocr_par' dir='ltr' id='par_1_8' title="bbox 95 2705 720 2777">
     <span class='ocr_line' id='line_1_30' title="bbox 95 2705 720 2777; baseline -0.029 -4"><span class='ocrx_word' id='word_1_203' title='bbox 95 2728 98 2739; x_wconf 88' lang='grc'><strong>“</strong></span> <span class='ocrx_word' id='word_1_204' title='bbox 173 2722 244 2771; x_wconf 80' lang='lat' dir='ltr'>fama</span> <span class='ocrx_word' id='word_1_205' title='bbox 256 2716 342 2775; x_wconf 88' lang='lat' dir='ltr'>refert,</span> <span class='ocrx_word' id='word_1_206' title='bbox 362 2714 413 2765; x_wconf 90' lang='lat' dir='ltr'>iliic</span> <span class='ocrx_word' id='word_1_207' title='bbox 426 2715 521 2777; x_wconf 82' lang='lat' dir='ltr'>signum</span> <span class='ocrx_word' id='word_1_208' title='bbox 533 2709 627 2760; x_wconf 84' lang='lat' dir='ltr'>coeieste</span> <span class='ocrx_word' id='word_1_209' title='bbox 637 2705 720 2757; x_wconf 76' lang='lat' dir='ltr'>fuisses</span> 
     </span>
    </p>
   </div>
   <div class='ocr_carea' id='block_1_9' title="bbox 206 2782 822 2862">
    <p class='ocr_par' dir='ltr' id='par_1_9' title="bbox 206 2782 822 2862">
     <span class='ocr_line' id='line_1_31' title="bbox 206 2782 822 2862; baseline -0.021 -16"><span class='ocrx_word' id='word_1_210' title='bbox 206 2796 309 2862; x_wconf 76' lang='lat' dir='ltr'>Quoque</span> <span class='ocrx_word' id='word_1_211' title='bbox 326 2796 404 2842; x_wconf 86' lang='lat' dir='ltr'>minus</span> <span class='ocrx_word' id='word_1_212' title='bbox 420 2790 529 2848; x_wconf 88' lang='lat' dir='ltr'>dubites,</span> <span class='ocrx_word' id='word_1_213' title='bbox 545 2789 588 2838; x_wconf 82' lang='lat' dir='ltr'>stat</span> <span class='ocrx_word' id='word_1_214' title='bbox 607 2788 667 2835; x_wconf 82' lang='lat' dir='ltr'>basis</span> <span class='ocrx_word' id='word_1_215' title='bbox 686 2786 745 2835; x_wconf 81' lang='lat' dir='ltr'>orba</span> <span class='ocrx_word' id='word_1_216' title='bbox 761 2782 822 2834; x_wconf 71' lang='lat' dir='ltr'>Des.</span> 
     </span>
    </p>
   </div>
   <div class='ocr_carea' id='block_1_10' title="bbox 130 2863 724 2943">
    <p class='ocr_par' dir='ltr' id='par_1_10' title="bbox 130 2863 724 2943">
     <span class='ocr_line' id='line_1_32' title="bbox 130 2863 724 2943; baseline -0.02 -17"><span class='ocrx_word' id='word_1_217' title='bbox 130 2924 134 2931; x_wconf 88' lang='grc'><strong>,</strong></span> <span class='ocrx_word' id='word_1_218' title='bbox 174 2878 282 2943; x_wconf 79' lang='lat' dir='ltr'>Araque,</span> <span class='ocrx_word' id='word_1_219' title='bbox 299 2888 351 2940; x_wconf 84' lang='lat' dir='ltr'>quae</span> <span class='ocrx_word' id='word_1_220' title='bbox 363 2872 439 2921; x_wconf 80' lang='lat' dir='ltr'>fuerat</span> <span class='ocrx_word' id='word_1_221' title='bbox 451 2867 535 2919; x_wconf 70' lang='lat' dir='ltr'>naturi</span> <span class='ocrx_word' id='word_1_222' title='bbox 544 2863 646 2917; x_wconf 82' lang='lat' dir='ltr'>candida</span> <span class='ocrx_word' id='word_1_223' title='bbox 656 2867 704 2915; x_wconf 77' lang='lat' dir='ltr'>saxi</span> <span class='ocrx_word' id='word_1_224' title='bbox 716 2899 724 2925; x_wconf 92' lang='lat'>‚</span> 
     </span>
    </p>
   </div>
   <div class='ocr_carea' id='block_1_11' title="bbox 176 2944 935 3175">
    <p class='ocr_par' dir='ltr' id='par_1_11' title="bbox 176 2944 935 3175">
     <span class='ocr_line' id='line_1_33' title="bbox 206 2944 672 3003; baseline -0.024 0"><span class='ocrx_word' id='word_1_225' title='bbox 206 2944 312 3003; x_wconf 83' lang='lat' dir='ltr'>Decolor</span> <span class='ocrx_word' id='word_1_226' title='bbox 329 2949 405 3002; x_wconf 85' lang='lat' dir='ltr'>affuso</span> <span class='ocrx_word' id='word_1_227' title='bbox 420 2951 492 2999; x_wconf 60' lang='lat' dir='ltr'>tineis</span> <span class='ocrx_word' id='word_1_228' title='bbox 503 2946 672 2996; x_wconf 89' lang='lat' dir='ltr'>cruorerubet.</span> 
     </span>
     <span class='ocr_line' id='line_1_34' title="bbox 176 3021 935 3088; baseline -0.017 -8"><span class='ocrx_word' id='word_1_229' title='bbox 176 3033 272 3082; x_wconf 82' lang='lat' dir='ltr'>Femina</span> <span class='ocrx_word' id='word_1_230' title='bbox 284 3033 347 3080; x_wconf 81' lang='lat' dir='ltr'>sacra</span> <span class='ocrx_word' id='word_1_231' title='bbox 359 3030 417 3079; x_wconf 81' lang='lat' dir='ltr'>facit</span> <span class='ocrx_word' id='word_1_232' title='bbox 429 3064 437 3087; x_wconf 90' lang='lat'>,</span> <span class='ocrx_word' id='word_1_233' title='bbox 452 3024 519 3077; x_wconf 78' lang='lat' dir='ltr'>taedae</span> <span class='ocrx_word' id='word_1_234' title='bbox 530 3042 579 3075; x_wconf 90' lang='lat' dir='ltr'>non</span> <span class='ocrx_word' id='word_1_235' title='bbox 590 3037 649 3074; x_wconf 84' lang='lat' dir='ltr'>nota</span> <span class='ocrx_word' id='word_1_236' title='bbox 660 3021 752 3088; x_wconf 72' lang='lat' dir='ltr'>jugali,</span> <span class='ocrx_word' id='word_1_237' title='bbox 907 3034 935 3085; x_wconf 81' lang='lat'>55</span> 
     </span>
     <span class='ocr_line' id='line_1_35' title="bbox 210 3102 753 3175; baseline -0.013 -17"><span class='ocrx_word' id='word_1_238' title='bbox 210 3108 267 3171; x_wconf 71' lang='lat' dir='ltr'>Qua</span> <span class='ocrx_word' id='word_1_239' title='bbox 286 3111 378 3175; x_wconf 82' lang='lat' dir='ltr'>superat</span> <span class='ocrx_word' id='word_1_240' title='bbox 392 3108 514 3172; x_wconf 82' lang='lat' dir='ltr'>Scythicas</span> <span class='ocrx_word' id='word_1_241' title='bbox 532 3102 659 3156; x_wconf 82' lang='lat' dir='ltr'>nobilitare</span> <span class='ocrx_word' id='word_1_242' title='bbox 672 3117 753 3153; x_wconf 85' lang='lat' dir='ltr'>nurus.</span> 
     </span>
    </p>
   </div>
   <div class='ocr_carea' id='block_1_12' title="bbox 0 0 1197 3917">
    <p class='ocr_par' dir='ltr' id='par_1_12' title="bbox 0 0 1197 3917">
     <span class='ocr_line' id='line_1_36' title="bbox 0 0 1197 3917; baseline 0 0"><span class='ocrx_word' id='word_1_243' title='bbox 0 0 1197 3917; x_wconf 95' lang='lat' dir='ltr'> </span> 
     </span>
    </p>
   </div>
  </div>
 </body>
</html>
