2334 3917
263 378 308 439 80
392 374 434 443 P.
455 375 614 443 -0V1D11
636 377 831 460 ΝΛεοΝιεΙ

261 494 382 545 Adsiliunt
397 494 493 551 fluiius.
510 499 609 562 imoque
622 513 637 546 a
649 500 742 563 gurgite
758 511 848 563 pontus

293 574 413 625 Vertitur,
432 578 456 623 δι
468 591 537 624 canas
549 574 629 624 alvens
638 577 718 624 haurit
728 591 811 640 aquas.

262 652 372 701 Vincitur
382 668 418 703 ars
431 668 504 702 vento
517 671 523 701 r
535 668 579 701 nec
593 657 643 718 iam
653 651 792 702 moderator
803 653 904 702 habenis

291 728 391 779 Utitur:
404 745 429 779 at
440 733 502 779 votir
515 729 555 780 hic
567 746 664 796 quoque
675 733 753 796 poscit
765 748 848 795 opem.

213 810 224 855 i
230 806 364 859 minitatur
377 806 481 858 tumidas
492 807 555 855 exsul
568 805 687 857 Phenilsa
697 824 739 873 per
749 805 823 857 undas
835 839 844 867 ,

295 884 451 950 Humidaque
462 885 572 949 oppositi
583 885 676 935 lumina
684 885 746 935 veste
757 888 828 951 tegit.

262 964 327 1013 Tum
344 962 448 1028 primim
460 960 526 1011 Dido
538 962 596 1011 felix
606 965 638 1011 eli
649 960 711 1011 dicia
722 966 797 1012 sorori
808 996 816 1022 ‚

294 1041 326 1090 Et
336 1044 492 1105 quacumque
507 1042 612 1106 aliquam
624 1057 723 1106 torpore
734 1042 817 1106 pressit
833 1040 943 1091 humum.

263 1118 354 1183 Figitur
365 1116 395 1168 ad
407 1119 510 1167 Laurens
521 1121 612 1183 ingemi
620 1116 717 1169 flamine
727 1118 783 1167 litus
805 1154 809 1160 .

216 1206 264 1243 600
297 1196 384 1261 Puppis
396 1213 404 1255 3
416 1200 439 1246 δε
450 1230 459 1256 ,
471 1199 582 1261 expositis
593 1197 723 1255 omnibus,
733 1196 813 1245 hausta
823 1197 894 1261 perit.

194 1292 198 1326 r
264 1272 317 1322 Jam
332 1276 384 1338 pius
395 1272 481 1321 AEneas
494 1288 569 1338 regno
581 1271 685 1337 natique
696 1273 776 1321 Larini

297 1350 383 1400 Aulius
394 1366 443 1401 erat
454 1384 462 1411 ,
473 1346 576 1416 populos
587 1352 760 1416 miscueratque
771 1348 840 1400 duos.

263 1427 347 1479 Litore
363 1426 458 1488 dotali,
472 1428 523 1478 solo
535 1431 663 1478 comitatus
675 1430 782 1489 Achate,

298 1510 420 1558 Secretum
430 1504 496 1557 nudo
508 1504 566 1556 dum
578 1504 638 1572 pede
649 1509 725 1571 carpit
734 1510 779 1555 iter
789 1523 798 1565 3

218 1586 357 1652 605Aspicit
370 1600 503 1645 errantem,
514 1600 557 1633 nec
569 1582 664 1634 credere
675 1584 771 1633 sustinet
782 1584 876 1633 Annam

299 1661 365 1715 Effe:
374 1662 432 1729 quid
446 1666 471 1713 in
482 1663 562 1713 Latios
572 1662 614 1711 illa
624 1664 715 1712 ueniret
725 1664 812 1726 agros?

265 1742 333 1794 Dum
344 1746 424 1793 secum
445 1742 524 1791 l'neas
536 1759 543 1789 e
555 1742 623 1791 Anna
639 1741 689 1801 est,
704 1741 822 1789 exclamat
835 1739 946 1789 Achates.

298 1820 338 1872 nd
348 1838 438 1871 nomen
448 1820 528 1870 vultus
539 1819 632 1869 sustulit
643 1818 687 1868 illa
697 1820 759 1867 suos.

266 1898 323 1961 Quo
335 1899 428 1965 fugiat?
440 1896 499 1964 quid
510 1900 579 1963 agat?
591 1913 652 1963 quos
662 1911 729 1945 terrae
739 1908 829 1963 quaerat
840 1895 934 1943 hiatus?

219 1983 267 2022 610
301 1978 362 2027 rinte
380 1976 463 2025 oculos
475 1976 565 2025 miserae
578 1975 627 2025 fata
638 1975 725 2023 sororis
736 1986 810 2024 erant.

267 2058 344 2106 Sensit
357 2058 381 2103 ὅ(
395 2053 526 2119 alloquitur
538 2051 655 2120 trepidam
665 2051 808 2115 Cythereius
818 2052 888 2099 heros
900 2066 908 2109 3

299 2133 352 2182 Flet
361 2148 439 2181 tamen
450 2129 576 2181 admonitu
585 2133 671 2179 mortis
685 2165 693 2190 ‚
705 2125 777 2179 Eliffa
784 2163 794 2189 ‚
807 2143 862 2177 ωε.

266 2212 352 2265 Anna,
369 2227 410 2275 per
421 2211 481 2259 hanc
492 2212 563 2271 juro,
576 2224 651 2274 quam
664 2206 788 2275 quondam
798 2204 879 2256 audire
888 2204 981 2257 solebat

221 2346 222 2349 Ἰ
300 2288 423 2337 Tellurem
444 2287 495 2336 fato
506 2289 654 2352 prosperiore
666 2284 737 2346 dari,

219 2367 358 2435 ⁶15l’erque
367 2366 432 2415 Deos
443 2369 543 2415 comites
551 2401 560 2427 ,
569 2368 613 2415 hac
627 2382 701 2430 nuper
709 2354 764 2414 sede
772 2364 879 2423 locatos,

228 2490 232 2495 .
301 2446 366 2509 Saepe
378 2460 442 2495 meas
452 2444 508 2493 illos
523 2439 663 2507 increpuiffe
673 2457 761 2491 moras.

267 2523 319 2574 Nec
330 2525 400 2572 timui
408 2520 437 2573 de
448 2536 526 2571 morte
538 2536 619 2569 tamen
631 2538 636 2566 :
646 2535 724 2569 metus
736 2517 812 2567 abfuit
822 2516 872 2565 iste.

300 2602 347 2653 Hei
355 2604 415 2651 mihi
427 2599 433 2649 l
447 2597 556 2649 credibili
568 2598 654 2647 fortior
663 2597 705 2646 illa
716 2597 771 2645 fuit.

267 2680 306 2731 Ne
317 2680 393 2730 refer:
404 2680 481 2744 asperti
493 2694 542 2727 non
554 2676 600 2726 illo
610 2679 702 2741 peiiore
715 2673 788 2739 digna

220 2784 268 2823 620
301 2758 423 2818 Vulnera,
441 2758 564 2809 Tartareas
581 2756 649 2804 ausus
658 2751 723 2803 adire
738 2750 835 2801 domos.

160 2860 165 2872 s
269 2839 300 2887 At
311 2852 353 2895 tu,
365 2838 404 2883 seu
415 2836 475 2883 ratio
487 2848 509 2883 te
520 2833 604 2882 nostris
612 2831 706 2897 appulit
714 2833 780 2889 oris,
873 2832 878 2839 '

302 2916 356 2963 Sive
366 2913 447 2971 Deus,
458 2914 524 2977 regni
535 2908 665 2961 commoda
677 2925 745 2973 carpe
753 2910 812 2957 mei.

269 2993 350 3045 Multa
362 2992 404 3042 tibi
411 3006 545 3050 memores,
558 2989 592 3038 nil
603 3004 653 3038 non
664 2985 781 3037 debemus
789 2981 884 3045 Eliff25

301 3072 407 3124 Nomine
418 3084 484 3137 grata
496 3082 554 3129 tuo,
565 3082 631 3136 grata
642 3067 748 3122 sororis.
765 3066 820 3117 erit.
