2334 3917
287 392 354 455 344
417 370 461 439 P.
495 372 651 442 Ovrnrr
678 378 901 445 NArorurs·

282 485 328 537 Sed
337 502 411 551 pavor
421 492 526 539 attonito
537 493 637 541 rationis
646 490 766 544 ademerat
776 497 845 544 usum
855 514 863 544 e

314 562 422 615 Cesserat
434 584 507 617 omne
517 572 585 619 nouis
597 570 772 637 consiliumque
784 573 863 621 maiis.

281 642 458 710 fortunamque
469 663 548 697 meam
560 663 683 708 metuens,
693 666 743 698 non
751 648 854 701 vindicis
868 653 932 701 iram
940 686 952 708 ,

235 736 264 782 5⁰
313 720 429 772 Terrebat
443 724 516 789 tirulq
530 728 634 775 nominis
645 728 694 791 ipse
705 730 763 776 mei.

280 798 398 849 Hasienus
408 798 545 853 admonitus
556 807 658 854 memori
669 802 773 854 concede
783 809 880 870 po'e‘ta,

314 878 392 928 Ponat
403 882 465 929 utin
476 883 562 931 chartis
575 885 674 932 nomina
684 900 737 932 cara
748 884 803 931 suis.

280 954 363 1021 Turpe
373 960 418 1007 erit
429 960 560 1019 ambobus,
576 960 652 1025 longo
666 964 726 1009 mihi
739 963 862 1027 proximus
872 961 931 1021 usu,

317 1036 340 1083 Si
350 1034 417 1083 nunt
429 1034 483 1085 libri
494 1050 560 1100 parte
570 1037 648 1101 legare
659 1042 717 1087 mei.

236 1124 263 1170 §i
283 1110 322 1162 Ne
332 1126 411 1162 tamen
422 1112 463 1162 iiie
474 1128 551 1166 merus
562 1115 659 1163 somnos
670 1116 713 1165 tibi
724 1131 833 1180 rumpere
842 1114 932 1179 possit,

315 1190 373 1240 Non
385 1190 461 1251 ultra,
473 1190 546 1257 quim
557 1194 610 1250 tis,
622 1190 742 1242 officiosus
753 1209 803 1242 ero.

283 1268 366 1333 Teque
378 1281 474 1331 tegam,
486 1271 528 1335 qui
538 1272 582 1327 sis,
599 1272 643 1318 nisi
657 1271 713 1319 crim
728 1271 861 1335 permiseris
873 1270 933 1334 ipse.

316 1344 425 1409 Cogctur
433 1362 506 1394 nemo
517 1362 603 1395 munus
613 1349 699 1395 habere
708 1364 799 1396 meum.

284 1422 321 1471 Tu
333 1420 507 1495 moddqquem
522 1439 616 1489 poteras
629 1426 668 1474 vei
682 1425 761 1491 aperti
776 1439 840 1474 tutus
851 1440 949 1485 amate,

238 1506 268 1543 so
317 1500 341 1549 si
355 1514 390 1548 res
400 1500 433 1549 est
443 1518 527 1567 anceps
539 1502 599 1563 ista,
611 1503 712 1553 latenter
722 1520 784 1553 ama.

412 1751 716 1815 EPISTOLA
756 1753 868 1816 VII.

513 1900 767 1963 AMICIS.

328 1988 351 2025 t·

287 1990 337 2103 W
354 2072 397 2107 tn
407 2074 421 2106 t
433 2074 450 2107 Α
469 2062 529 2109 mihi
546 2060 632 2112 desunt
647 2061 731 2112 eadem
748 2075 798 2111 ram
813 2063 873 2125 saepe
884 2061 999 2125 roganti,

318 2136 418 2202 Jamque
434 2134 509 2201 pudet
524 2155 596 2188 vanas
609 2138 656 2187 fine
668 2156 746 2188 carere
757 2155 845 2205 preces.

288 2213 371 2264 Taedra
383 2216 503 2265 consimili
514 2214 565 2265 fieri
581 2216 612 2265 de
628 2220 733 2266 carmine
746 2218 831 2277 vobis,

321 2292 433 2359 Quidque
443 2308 540 2357 petam,
552 2296 650 2343 cumdius
664 2292 787 2343 edidicisse
801 2309 863 2343 reor.

260 2390 268 2429 i
286 2370 421 2437 ‘Nostraque
440 2370 499 2437 quid
516 2386 597 2437 portet
611 2375 661 2437 jam
677 2372 749 2421 nostis
766 2370 878 2436 epistola,
891 2369 999 2436 quamuis
1054 2372 1058 2376 ’

230 2436 233 2443 ’
323 2448 414 2499 Charta
431 2452 462 2499 sit
477 2467 491 2499 a
507 2450 594 2499 vinclis
610 2466 660 2499 non
676 2448 860 2499 labefactatum

289 2527 352 2593 Ergo
363 2542 469 2577 mutetur
478 2527 551 2577 nostri
562 2530 679 2577 sententia
689 2528 785 2591 scripti,
878 2529 880 2533 ’

321 2606 360 2655 Ne
371 2608 441 2655 toties
451 2621 550 2665 contra,
563 2606 638 2670 quim
649 2607 711 2669 rapit
721 2607 815 2664 amnis,
825 2618 890 2671 esm7

289 2682 362 2744 Quod
373 2684 432 2733 bene
443 2681 472 2733 de
482 2684 550 2733 vobis
561 2685 668 2748 speravi,
686 2684 818 2747 ignoscite,
836 2682 925 2738 amici.

246 2778 273 2811 to
324 2760 392 2810 Talia
408 2750 521 2825 peccandi
539 2764 587 2824 iam
601 2762 663 2809 mihi
674 2759 728 2809 finis
739 2762 792 2809 erit.

291 2826 342 2878 Nec
358 2828 434 2891 gravis
446 2828 513 2873 uxori
524 2823 605 2883 dicar,
622 2840 675 2890 quse
692 2824 783 2873 scilicet
797 2827 823 2873 in
833 2841 873 2873 me

324 2902 405 2962 Quim
416 2903 507 2966 proba,
520 2916 569 2951 tam
579 2900 664 2951 timida
675 2901 722 2955 est.
733 2904 899 2967 experiensque
909 2918 1000 2966 parum.

248 3022 250 3027 .
292 2980 349 3031 tiae
360 2994 472 3045 quoque,
486 2978 568 3037 Naso,
579 2977 656 3029 fetas:
669 2982 756 3027 etenim
766 2981 848 3043 pejora
855 2977 938 3030 tulisti.

325 3056 337 3106 J
339 3072 377 3105 am
392 3056 437 3106 tibi
448 3058 530 3109 sentiri
539 3057 632 3110 sarcina
641 3054 710 3109 nulla
718 3054 803 3124 potest·
