2334 3917
277 396 344 457 126
415 388 459 456 P.
489 389 646 455 Ournrt
669 388 879 457 NAsours·

305 508 423 560 Solvitur:
435 513 460 559 δι
471 509 557 575 justum
566 512 671 575 preterit
681 513 717 560 ira
726 508 840 560 modum.

227 588 372 650 305Respice
380 585 524 637 Thestiiden
532 607 538 635 :
547 586 652 647 flammis
661 589 796 637 absentibus
805 590 872 638 arsit.

306 658 385 714 Causa
396 665 442 725 eli,
454 664 521 731 quod
531 666 632 715 Pboebes
639 683 680 717 ara
690 668 741 715 sine
750 669 806 731 igne
816 666 873 715 fuit.

272 736 371 801 Respice
382 734 528 787 Tantaliden
539 737 640 788 :eadem
651 739 704 789 Dea
711 738 766 790 vela
775 740 881 789 tenebat.

306 816 382 881 Virgo
392 816 441 875 est,
458 820 482 867 δι
497 819 587 882 spretos
597 819 633 866 bis
643 832 725 867 tamen
734 818 786 867 ulta
796 817 874 867 fotos.

273 892 406 959 Hippolyte
413 894 497 945 infelix
505 930 512 955 ‚
520 886 823 955 velleseoluiffeDionen.

228 984 274 1029 310
308 972 373 1023 Ctitn
391 973 543 1023 consternatis
555 972 690 1039 diripereris
702 978 778 1040 equb.

276 1050 360 1117 Longa
369 1051 457 1100 referte
466 1069 534 1101 mota
545 1053 577 1102 est
589 1054 678 1108 collata
690 1054 782 1104 obliuia
792 1052 895 1103 damnis.

307 1130 350 1179 Me
360 1146 457 1196 quoque
466 1131 570 1181 Romani
577 1136 710 1197 preteriere
720 1132 809 1181 Patres.

276 1205 342 1266 Quid
354 1207 456 1258 iacerem
468 1212 477 1259 i
491 1226 533 1275 pet
541 1208 610 1277 quod
620 1210 702 1261 lietenr
713 1209 839 1262 manifesta
848 1206 960 1259 doloris?

309 1285 434 1351 Exigetem
446 1288 529 1338 nostra
539 1290 620 1355 qualia
628 1289 717 1340 domm
722 1296 802 1343 notai

231 1362 373 1423 315Extidit
388 1365 497 1416 officium
513 1368 571 1417 tristi
587 1370 648 1417 mibi
658 1387 664 1416 t
675 1368 743 1419 nulla
755 1368 840 1418 tuebar

311 1444 374 1493 Rura
386 1478 394 1505 ‚
408 1461 450 1495 nec
464 1448 489 1495 in
497 1449 574 1511 pretio
588 1447 674 1497 fertilis
684 1450 769 1497 horma
778 1460 837 1496 erat.

278 1520 341 1569 Lilia
351 1518 489 1573 deciderent
499 1541 505 1570 ι
517 1522 780 1578 νὶοΙιητοτενίἁεκε.

311 1600 328 1645 F
330 1597 408 1663 ilaque
419 1602 513 1665 punicei
525 1599 639 1665 languida
649 1601 711 1651 falia
719 1604 795 1651 croci.

279 1676 343 1741 Saepe
354 1678 414 1726 mihi
426 1676 547 1743 Zephyrus
560 1712 569 1738 ,
581 1678 657 1728 Dotes
668 1693 819 1743 eorrumpere
828 1675 882 1726 noli
911 1672 914 1679 '

233 1758 279 1804 520
315 1756 366 1821 lpse
376 1771 445 1817 tuas,
461 1754 536 1817 diuet
549 1756 594 1807 dos
604 1759 666 1807 mihi
675 1757 730 1806 vilis
741 1770 800 1805 erat.

279 1832 409 1883 Florebant
419 1834 478 1884 oleae
488 1853 493 1883 ι
502 1838 568 1885 venti
577 1850 680 1885 nocuae
691 1836 806 1899 protervi.

272 1932 274 1935 ·
313 1910 444 1961 florebant
453 1913 556 1979 segetes:
565 1910 680 1977 grandine
690 1912 745 1962 lesa
755 1910 837 1962 Ceret.

279 1984 309 2034 ln
321 1988 422 2050 speritis
430 2001 480 2035 erat
489 2005 494 2034 r
503 1985 594 2036 etelum
604 1987 716 2051 nigrescit
725 1987 756 2035 ab
771 1983 876 2043 iustus,

313 2063 344 2112 Et
354 2062 431 2112 subiti
441 2061 539 2113 frondes
550 2063 703 2115 decutiuntur
714 2065 785 2131 aqud.

235 2136 334 2190 3²5Nec
352 2137 421 2187 volui
431 2135 500 2198 fieti,
514 2156 558 2189 uec
569 2140 622 2189 sum
632 2138 825 2199 trudelisiuirat

316 2214 382 2266 Cura
395 2214 526 2281 repellendi
535 2214 576 2267 sed
587 2220 648 2268 mihi
658 2216 726 2269 nulla
735 2217 791 2269 lint.

283 2293 424 2347 Convenere
443 2296 521 2345 Patres
533 2313 539 2343 r
550 2298 576 2345 bt
585 2330 593 2355 ,
603 2298 623 2345 ti
634 2297 693 2346 bene
703 2295 789 2347 floreat
796 2309 886 2353 annua,

315 2372 460 2423 Numinibus
470 2373 554 2423 nostris
561 2390 640 2424 annua
652 2374 709 2425 felia
719 2389 816 2427 vovent.

284 2452 417 2501 Annuimus
427 2466 496 2501 voto.
515 2451 610 2502 Consul
620 2469 676 2501 cum
685 2451 792 2503 Consule
802 2447 871 2499 ludos

237 2532 283 2581 530
316 2530 437 2581 Postumio
452 2530 533 2579 Laenas
542 2530 674 2595 persoluue
685 2533 755 2581 mihi.

284 2611 395 2671 Quaerete
413 2612 517 2662 sonabat
527 2645 535 2668 ‚
548 2626 620 2674 quare
630 2609 726 2661 lascivia
736 2612 816 2675 major

316 2688 360 2738 His
379 2688 442 2738 foret
452 2692 477 2739 iu
487 2685 565 2747 ludis,
577 2686 722 2752 liberiorque
728 2690 798 2749 jocus
809 2704 817 2734 e

285 2764 331 2817 Sed
341 2769 401 2816 mihi
410 2768 525 2816 succurrit
537 2800 545 2825 ‚
560 2782 651 2815 numen
660 2781 711 2815 non
719 2762 767 2815 eise
775 2766 900 2827 seuerum

318 2846 425 2910 Aptaque
434 2843 525 2894 deliciis
536 2860 635 2893 munera
643 2843 703 2893 serte
713 2842 802 2893 Deam.

240 2917 407 2987 335Tetnpora
417 2922 524 2971 sutilibus
537 2923 665 2987 tinguntur
676 2935 727 2971 tota
737 2914 854 2984 coronis,

319 3000 350 3050 Et
366 2999 425 3049 latet
436 3000 521 3064 injesti
532 2998 655 3065 splendida
667 3001 749 3049 mensa
757 3000 821 3048 rosi.

287 3077 371 3127 Ebrius
386 3081 493 3129 intinniit
506 3078 602 3145 philyti
614 3082 717 3133 conviva
726 3078 822 3145 capillis
