2334 3917
264 452 332 516 394
379 426 423 493 P.
449 402 890 491 OrrnrrNasonrr-

293 550 428 613 Tamquam
438 560 491 610 qua
502 545 590 609 patriar
600 539 724 591 detinuere
731 541 792 588 viar.

260 626 317 679 Ere
327 622 428 673 Perillio
438 638 508 672 veros
517 622 613 670 imitere
624 624 755 685 juvencos,

292 700 329 751 ad
340 701 445 751 formam
456 702 518 751 tauri
529 701 687 749 conveniente
696 695 766 744 sono.

260 780 323 831 Utve
336 781 403 831 ferox
419 778 540 836 Phalaris,
553 774 636 840 lingui
647 776 711 839 priur
727 772 781 820 ense
794 766 903 827 resedi,

211 874 261 921 440
293 861 365 911 More
376 861 459 918 bovis,
470 857 561 921 Paphio
572 854 665 903 clauim
677 854 703 899 in
716 865 760 898 aere
775 861 867 913 gemas.

263 938 379 1003 Dumque
391 934 466 987 redite
475 933 543 986 voles
551 934 598 983 arvi
608 929 715 979 melioris
724 930 751 976 in
761 940 837 975 annor
845 958 858 984 ,

298 1015 332 1066 Ut
344 1032 411 1067 verus
421 1012 519 1063 Admeti
527 1009 647 1075 decipiare
657 1010 731 1057 socer.

267 1096 345 1163 Atque
357 1110 427 1161 eques
438 1094 463 1141 in
473 1088 547 1140 medii
557 1103 663 1153 mergare
675 1085 790 1148 voragine
802 1082 884 1138 ceni,

299 1170 443 1224 Dummodo
453 1174 501 1221 rint
510 1169 555 1219 fati
564 1167 664 1217 nomina
673 1161 741 1211 nulla
749 1162 793 1209 tui.

220 1258 346 1329 445Atque
359 1254 451 1301 utinam
462 1262 540 1315 pereat
551 1281 559 1306 ,
570 1243 648 1295 veluti
655 1239 686 1290 de
695 1237 807 1287 dentibus
817 1237 868 1284 orti

299 1330 398 1381 Sidonii
409 1332 474 1393 judit
485 1328 608 1391 Graja'per
618 1337 674 1371 arva
686 1333 768 1367 manu.

268 1410 300 1461 Et
309 1424 361 1475 qua
374 1404 501 1456 Penthltler
514 1404 584 1456 iecit,
594 1401 715 1463 fraterque
725 1390 848 1447 Medusa,

302 1486 419 1536 Eveniant
429 1485 501 1549 capiti
511 1496 569 1532 vora
580 1476 672 1527 sinistra
682 1489 733 1523 uro.

270 1566 302 1615 Et
312 1564 397 1630 qulbus
407 1565 493 1628 exiguo
507 1559 612 1610 volucris
624 1553 712 1604 devota
723 1546 807 1599 libello
816 1544 870 1605 est,
926 1565 931 1571 ·

223 1666 248 1712 45
255 1664 271 1696 o
303 1643 414 1709 Corpora
425 1638 528 1707 projeiii
539 1652 592 1703 que
603 1635 644 1682 sua
652 1642 738 1696 purgat
748 1640 820 1691 aqua.

273 1722 378 1773 Vulnera
391 1734 475 1785 totque
487 1717 547 1767 ferar
556 1702 568 1773 ,¹
577 1726 638 1778 quot
648 1708 735 1757 dieitur
744 1703 788 1753 ille
798 1696 877 1752 tuliss'e
886 1734 899 1760 ‚

305 1799 382 1865 Cujus
393 1799 422 1849 ab
434 1796 525 1847 inferiis
536 1791 612 1843 culter
628 1784 706 1838 abelle
721 1782 791 1833 soler.

273 1881 444 1943 Attoniturque
460 1875 537 1930 secer,
549 1884 575 1919 ut
585 1883 647 1934 quor
656 1862 774 1927 Cybeleia
783 1870 860 1907 mater

307 1956 410 2014 Incitat,
423 1950 539 2015 Phrygios
550 1946 608 1997 vilia
618 1943 727 1993 membra
736 1934 833 1988 modos.

226 2044 252 2087 45
259 2034 357 2099 rDeque
368 2035 420 2081 viro
432 2028 474 2079 fias
483 2043 527 2077 nec
538 2025 646 2082 femina,
659 2036 704 2069 uec
716 2021 766 2076 vir,
781 2028 809 2063 ut
824 2012 907 2070 Λεώς

306 2110 337 2159 Et
349 2112 440 2175 quatias
452 2104 524 2154 molli
535 2102 651 2165 tympana
661 2111 731 2147 rauca
741 2108 823 2142 manu.

273 2189 348 2255 'Inque
363 2200 433 2251 pecus
449 2180 529 2231 subito
544 2180 640 2242 Magne
651 2189 744 2224 vertare
754 2171 878 2229 Parentis,

307 2266 390 2314 Vilior
401 2277 428 2312 ut
439 2260 472 2310 est
482 2258 553 2308 celeri
563 2257 672 2319 vitiaque
680 2252 747 2300 versa
757 2246 828 2314 pede.

276 2342 380 2409 Solaque
392 2340 493 2391 Limone
503 2350 601 2402 pernam
612 2348 642 2381 ne
653 2330 749 2379 senserit
759 2326 846 2383 illam,

228 2436 276 2491 4⁶⁰
311 2422 340 2471 Et
352 2436 391 2470 tua
402 2418 473 2469 dente
485 2414 537 2465 fero
549 2413 638 2464 viscera
648 2422 731 2473 carpat
740 2420 823 2470 equus.

278 2506 342 2559 Aut,
355 2514 382 2549 ut
393 2490 566 2548 Callandreus,
578 2489 681 2538 domino
690 2500 740 2534 non
751 2485 835 2531 mitior
844 2478 910 2535 illo,

311 2580 406 2628 Saucius
419 2573 508 2639 ingeila
523 2565 696 2619 contumuleris
705 2565 791 2611 humo.

277 2658 344 2715 Aut,
356 2668 381 2705 ut
393 2648 553 2703 Abantiades,
566 2642 777 2705 auor-cygneus
791 2638 879 2696 heroe,

313 2732 413 2785 Clausus
426 2734 451 2779 in
461 2741 582 2794 aequoreas
593 2722 745 2788 praecipiteris
759 2730 841 2780 aquas.

228 2818 259 2869 41³
269 2830 273 2865 ι
282 2814 384 2861 Viiiima
395 2809 435 2860 vel
450 2807 542 2856 Phoebo
558 2804 633 2851 sacrat
644 2798 751 2847 madetis
762 2790 794 2842 ad
806 2806 876 2850 arar,

314 2888 392 2949 Quam
409 2884 465 2935 tulit
478 2900 492 2933 a
503 2885 565 2932 sevo
579 2875 722 2929 Theudotus
736 2870 802 2921 hoste
813 2884 909 2918 necem.

280 2969 328 3016 Aut
342 2982 364 3015 te
383 2964 499 3016 devoveat
514 2961 584 3011 tertia
602 2954 696 3007 Abdera
712 2950 813 3007 diebur,

313 3045 418 3108 Saxaque
437 3040 553 3091 devotum
567 3032 682 3103 grandine
700 3030 768 3096 plura
780 3034 872 3091 petant.

281 3120 329 3168 Aut
343 3120 408 3171 lovis
423 3116 501 3168 infesti
517 3116 569 3168 telo
583 3114 671 3165 feriare
682 3106 797 3165 trisuleo,
