2334 3917
452 419 624 485 Iure.
829 413 894 497 389

211 548 251 601 Est
267 546 323 602 data
337 548 450 601 Palladit
462 551 548 616 previa
559 547 654 615 duxque
664 545 719 600 rati.

180 628 277 696 Quique
287 628 364 679 oculis
376 631 469 688 ceruit,
481 645 522 693 per
533 643 594 694 quos
605 626 668 675 maie
676 623 770 675 viderat
780 638 863 675 aurum
875 636 882 671 e

211 706 312 755 Inferias
325 722 384 756 nato
393 722 455 771 quos
465 704 534 755 dedit
545 705 604 753 orba
615 720 707 770 parem.

179 784 262 835 Pastor
272 799 299 833 ut
309 784 434 844 AEtrraeus,
446 786 485 832 cui
496 785 561 831 casus
571 797 627 833 ante
639 780 747 841 futuros,

209 861 322 911 Telemus
333 860 480 925 Eurymedon
490 863 635 911 vaticinatus
645 872 705 908 erat.
894 873 924 915 70

176 937 214 987 Ut
224 936 273 989 duo
283 938 407 1000 Phinidoe,
418 940 504 1005 quibus
514 937 579 989 idem
592 938 674 987 lumen
686 934 792 996 ademit,

210 1016 260 1077 Qui
272 1015 355 1078 dedit,
366 1032 393 1066 ut
402 1018 530 1081 Thamyrae
541 1036 548 1067 e
560 1014 746 1082 Demodocique
757 1030 837 1080 caput.

182 1095 221 1145 Sic
233 1094 318 1159 aliquis
329 1109 370 1143 rua
381 1095 489 1143 membre
499 1097 578 1154 secet,
590 1095 704 1143 Saturnus
714 1107 741 1142 ut
751 1092 804 1142 illas

213 1173 337 1221 Subsecuit
347 1186 441 1238 partes,
454 1172 517 1222 uude
528 1186 621 1221 creatus
633 1185 691 1220 erat.

179 1250 232 1301 Nee
243 1252 286 1299 tibi
297 1253 327 1299 sit
338 1251 424 1299 melior
434 1248 534 1300 tumidis
544 1249 671 1316 Neptunus
679 1251 704 1298 iu
715 1247 801 1303 undis,
903 1274 948 1322 275

215 1327 297 1389 Qulm
309 1332 347 1377 cui
359 1330 412 1379 sunt
423 1329 506 1378 subitae
516 1328 590 1378 frater
601 1331 626 1378 δι
637 1328 696 1377 uxor
708 1344 770 1378 avet.

179 1405 324 1473 Sollertique
333 1410 404 1467 viro,
417 1406 499 1456 lacere
510 1422 583 1473 quem
596 1406 670 1456 frasta
680 1419 802 1454 tenentem

213 1485 325 1534 Membra
335 1487 392 1534 ratis
404 1484 507 1536 Semeles
517 1484 549 1532 eil
560 1485 671 1533 miserata
680 1483 757 1532 soror.

183 1562 232 1614 Vel
244 1577 301 1624 rua,
314 1580 343 1613 ne
354 1579 428 1630 pane
438 1578 511 1628 genus
522 1564 569 1611 hoc
579 1563 720 1627 cognoverit
731 1576 804 1621 unus,

214 1642 310 1691 Viscera
321 1640 420 1692 diversis
431 1638 498 1692 sciffo
510 1640 617 1689 ferantur
627 1641 703 1706 equis.
904 1652 950 1702 230

181 1719 227 1771 ver
237 1736 305 1785 quae,
317 1722 358 1785 qui
369 1718 456 1768 redimi
468 1721 578 1768 Romano
589 1734 658 1783 turpe
668 1717 777 1783 putavit,

215 1796 307 1846 Aduce
319 1798 424 1846 Puniceo
436 1796 550 1861 pertulit,
562 1798 611 1862 ipse
622 1796 692 1846 ferat.

183 1872 237 1923 Nec
248 1876 292 1923 tibi
305 1872 410 1924 subsidio
421 1877 452 1923 eit
462 1877 561 1940 presens
573 1892 663 1925 numen
673 1894 680 1925 e
691 1891 718 1925 ut
727 1867 795 1940 illi,

216 1950 265 2000 Cui
276 1950 336 1999 nihil
346 1950 431 2001 Hercii
442 1953 534 2016 profuit
544 1970 583 2003 ara
593 1955 668 2004 lovis.

185 2027 269 2094 thue
280 2026 349 2078 dedit
358 2029 430 2079 saltus
444 2048 456 2079 e
467 2032 568 2081 Summo
580 2030 705 2083 Thessalus
716 2033 789 2095 Osis,
906 2027 949 2089 ²⁸5

217 2106 257 2155 Tu
268 2124 365 2172 quoque
376 2109 459 2158 saxoso
470 2113 616 2176 praecipitere
626 2115 692 2178 iugo.

184 2184 233 2235 Aut
244 2185 310 2235 velut
320 2185 435 2250 Euryali,
447 2191 488 2253 qui
499 2190 619 2254 sceptrum
630 2193 694 2256 cepit
705 2189 806 2251 abillo,

217 2266 271 2312 Sint
280 2278 343 2313 artus
355 2264 430 2315 avidis
441 2268 557 2331 anguibus
566 2270 619 2317 esca
630 2274 674 2318 tui.

183 2339 232 2391 Vel
242 2354 283 2389 tut
295 2356 413 2395 maturet,
424 2346 485 2391 sicut
495 2345 592 2393 Minoia
603 2346 670 2406 fata,

217 2415 261 2465 Per
270 2429 341 2480 caput
350 2413 433 2463 inlusae
444 2414 549 2465 fervidus
558 2419 647 2465 humor
656 2433 741 2482 aquaer
902 2445 948 2488 29·

186 2491 270 2559 thue
282 2508 367 2555 parurn
378 2494 447 2547 miri,
460 2490 502 2541 sed
513 2510 563 2553 nou
574 2497 688 2560 impune,
699 2497 869 2557 Prometheus,

217 2570 298 2619 Ae'rias
308 2567 416 2619 volueret
427 2571 539 2634 sanguine
551 2571 610 2621 fixus
618 2572 675 2622 alas.

86 2651 90 2661 ’
185 2646 238 2707 At,
249 2646 318 2697 velut
328 2645 450 2695 Etracides
462 2664 551 2713 magno
563 2664 599 2698 ter
609 2651 638 2698 ab
649 2651 752 2701 Hercule
763 2656 876 2719 quintus,

217 2723 300 2774 Casus
311 2726 335 2771 in
346 2727 491 2773 immensum
503 2729 628 2791 projiciare
639 2728 737 2778 fretum.

188 2802 255 2861 Aut,
269 2815 295 2850 ut
307 2799 483 2864 Amyntiaden,
496 2807 559 2868 turpi
570 2802 670 2855 dilestus
680 2822 763 2856 rmore
908 2836 954 2890 ,95

219 2877 305 2928 Oderit
316 2912 324 2938 ,
337 2882 361 2927 δι
374 2880 435 2929 sevo
445 2879 553 2931 vulneret
563 2884 617 2931 ense
626 2900 693 2947 puer.

188 2956 240 3007 Nec
250 2958 296 3007 tibi
307 2954 355 3006 fida
366 2960 442 3022 magis
451 2960 544 3009 misceri
555 2961 642 3025 pocula
651 2964 760 3027 poteint,
780 2988 782 2994 ¹

220 3031 301 3094 Quam
311 3038 354 3100 qui
365 3038 491 3101 cornigero
501 3035 532 3086 de
542 3038 602 3088 Jove
611 3054 681 3088 natur
690 3055 750 3091 erat.

187 3108 259 3163 More
268 3110 306 3163 rel
316 3114 417 3165 intereas
428 3116 492 3181 capti
503 3115 626 3183 suspensos
634 3116 734 3176 Achai,

720 3198 744 3257 R
760 3199 788 3269 iij

1082 829 1084 912 i
