2334 3917
310 402 585 473 TRISTIUM
612 397 710 466 L113.
738 399 808 467 ΙΙΙ.
848 421 912 484 223

205 515 264 569 Non
270 523 321 574 sum
330 519 453 590 ego,quud
461 521 553 570 fueram
560 538 566 568 ε
573 517 633 585 quid
638 522 734 569 inanem
738 520 956 585 proterisumbram

237 597 303 657 Quid
312 603 416 650 cinerem
425 600 499 657 saxis,
511 597 623 662 bustaque
634 595 730 656 nostra,
742 599 828 660 prcrnis
840 603 848 647 ἰ
939 591 968 632 ²⁶

206 674 294 726 Hcstor
304 693 355 726 erat
365 693 421 726 tunc
431 677 486 727 crim
498 675 563 724 bello
573 676 678 723 certabat
689 690 696 732 3
713 688 737 722 at
749 671 814 722 idern

238 755 336 804 vinetus
346 755 378 804 ad
389 756 528 805 Haemunios
539 768 589 801 non
599 766 649 801 erat
658 751 746 800 Heiios
756 767 839 816 equos

205 828 248 878 Me
259 849 371 897 quoque,
385 849 458 899 quem
471 847 540 880 noras
550 830 611 879 olim
621 864 630 890 ,
641 845 690 878 non
702 825 747 877 effe
759 819 880 878 memensu
893 848 897 874 :

240 907 274 955 Ex
287 909 331 958 illo
339 911 449 973 superant
460 911 511 956 haec
523 907 649 956 simulacra
660 909 722 955 viro.
937 899 966 974 ,ᾖ

206 982 272 1044 Quid
280 987 423 1046 simulacra,
436 986 518 1045 ferox,
529 983 597 1034 ditiis
606 986 701 1033 incessis
710 986 795 1033 amasis
805 990 813 1036 i

236 1063 321 1118 Pasce,
339 1081 439 1129 precor,
453 1079 534 1113 manes
544 1050 752 1112 solicitaremeos.¹

204 1139 294 1190 Omnia
301 1158 356 1191 vera
363 1157 420 1206 puta
431 1158 485 1190 mea
495 1144 596 1190 crimina
606 1158 612 1189 s
624 1139 659 1189 nil
671 1142 701 1188 sit
711 1143 736 1188 in
746 1138 793 1188 illis
803 1174 811 1199 ‚

236 1217 311 1280 Quod
321 1223 396 1284 magis
406 1236 510 1268 errorem
521 1254 529 1277 ‚
541 1218 617 1285 quim
627 1217 717 1278 scelus,
736 1214 782 1266 eise
793 1231 871 1282 putes.

129 1337 132 1344 .
203 1293 333 1345 Pendimus
348 1313 378 1345 en
391 1295 501 1362 profugi,
512 1297 571 1345 saria
581 1311 622 1344 sua
631 1297 743 1360 pestusa,
760 1311 858 1361 pesnas,
936 1307 961 1350 55

237 1372 374 1439 Exsilioque
385 1390 481 1439 graves,
494 1373 616 1438 exsiliique
626 1372 692 1422 loco.

200 1448 318 1501 Carnifici
327 1452 432 1501 Fortuna
445 1452 522 1518 potest
537 1468 592 1500 mea
608 1449 688 1502 flenda
706 1449 798 1502 videri:

236 1527 273 1576 Te
284 1542 365 1578 tamen
375 1529 408 1578 cst
419 1546 467 1578 uuo
479 1527 560 1598 judice
568 1530 647 1579 maesta
657 1546 751 1594 parum.

201 1606 292 1654 Saesiur
303 1623 327 1655 es
338 1607 396 1656 tristi
407 1606 529 1656 Busiride:
540 1608 624 1658 sevior
635 1607 698 1668 illo,

235 1684 284 1744 Qui
295 1685 381 1733 falsum
392 1685 458 1734 lento
470 1688 557 1736 torruit
566 1688 622 1752 igne
629 1685 726 1736 bovem.
930 1702 962 1746 4⁰

202 1761 297 1827 Quique
309 1764 397 1813 bovem
407 1764 489 1813 Siculo
503 1763 577 1813 fertur
583 1755 686 1812 'donaffe
699 1751 817 1825 tyranno,

233 1840 265 1890 Et
275 1839 342 1890 diiiis
350 1857 410 1892 artes
419 1839 557 1893 conciliaffe
568 1843 630 1890 suas.
678 1873 681 1878 <

201 1917 302 1968 Munere
317 1922 343 1967 in
352 1921 416 1980 hoc,
427 1921 495 1978 Rex,
514 1919 547 1969 est
560 1921 630 1974 usus,
642 1916 682 1968 scd
693 1918 795 1981 imagine
807 1917 881 1979 mujur
892 1931 898 1960 r

233 1996 286 2045 Nec
302 1997 352 2046 sola
367 1997 399 2046 est
408 2001 486 2062 operis
499 1998 577 2047 forma
592 1993 716 2062 probanda
726 1997 783 2042 mei.
828 2021 831 2026 ·

197 2075 288 2138 Aspicis
299 2091 312 2123 a
323 2073 407 2124 dextri
418 2077 479 2124 larus
490 2079 536 2125 hoc
543 2075 674 2140 adapertile
686 2076 763 2124 taurii
931 2092 959 2136 45

233 2153 287 2201 Huc
304 2154 362 2211 tibi,
375 2169 446 2218 quem
456 2152 556 2218 perdes,
569 2150 734 2216 conjiciendus
745 2155 799 2202 erit.

198 2229 309 2281 Protinus
320 2232 438 2280 inclusum
449 2233 519 2281 lentis
528 2235 671 2283 carbonibus
681 2247 732 2280 ure.

230 2309 343 2374 Mugiet‘‚
360 2314 384 2358 δι
395 2314 500 2360 verivox
511 2315 556 2361 erit
567 2312 611 2361 iila
620 2312 697 2361 bovis.

197 2385 245 2437 Pro
255 2389 341 2453 quibus
353 2391 472 2448 inventis,
483 2405 509 2438 ut
521 2407 608 2438 munus
621 2404 719 2437 munere
734 2386 814 2450 penses
827 2417 835 2442 ‚

229 2461 285 2522 Da,
299 2480 383 2528 precor
396 2498 403 2518 .
415 2468 512 2528 ingenio
524 2467 621 2529 praemia
632 2461 704 2527 digua
714 2478 780 2510 meu.
931 2487 962 2529 i·

195 2537 304 2589 Dixerat.
317 2543 349 2590 At
360 2541 481 2601 Phalaris,
498 2543 578 2591 Poenae
589 2538 696 2590 mirande
708 2553 830 2603 repertor,

228 2618 279 2682 lpse
292 2634 360 2668 tuum
374 2621 472 2684 presens
488 2621 587 2673 imbue,
600 2618 761 2685 dixirhopus.

195 2695 249 2749 Nec
259 2713 328 2745 mura
338 2714 345 2744 a
357 2697 493 2746 monstratis
503 2695 630 2746 crudeliter
642 2697 736 2759 ignibus
747 2694 808 2744 ustus

226 2774 341 2823 Exhibuit
353 2774 465 2838 querulos
475 2791 517 2823 ure
529 2789 645 2823 tremente
654 2776 733 2822 sonos.

194 2849 261 2914 Quid
274 2853 335 2900 mihi
347 2867 402 2900 cum
414 2851 498 2900 Siculis
508 2855 571 2901 inter
580 2853 751 2915 Scythiamque
761 2849 878 2916 Getasque
888 2854 896 2899 i
928 2868 956 2915 ς,

227 2927 265 2978 nd
274 2943 316 2988 te,
327 2931 435 2995 quisquis
446 2933 465 2978 is
482 2945 522 2989 es,
538 2929 617 2978 nostra
628 2929 725 2994 querela
735 2926 807 2977 redit.

191 3006 274 3073 thue
288 3009 354 3055 sitim
369 3007 449 3056 nostro
459 3010 534 3072 possis
544 3007 638 3071 explere
649 3023 733 3055 cruore
745 3040 753 3064 ,

223 3084 413 3154 Quantaqueuis
423 3083 496 3139 avido
507 3082 595 3152 gaudia
605 3083 678 3138 surde
689 3085 766 3140 ieras.

734 3165 801 3220 Kis
