2334 3917
303 391 372 454 214
443 367 487 436 P.
511 363 668 434 Ovrmr
691 371 909 439 NAsours'

250 497 284 544 50
333 489 506 553 Peccatumque
521 487 606 537 oculos
617 488 649 537 est
659 487 765 538 habuill'e
777 507 869 540 meum.

298 565 356 614 Non
371 563 484 630 equidem
497 580 575 616 totam
583 564 678 632 possum
689 565 817 618 defendere
825 568 937 635 culpam:

329 640 375 692 Sed
390 658 482 708 partem
493 645 565 694 nostri
576 646 683 696 criminis'
694 663 759 696 error
769 649 849 696 habet.

296 721 353 785 Spes
363 724 436 787 igitur
447 723 565 788 superest,
577 723 694 773 faliurunr
705 740 731 774 ut
742 725 838 776 molliat
848 729 898 792 ipse

329 799 419 849 Mutari
430 817 526 866 pernam
537 800 677 851 conditione
688 803 745 852 loci.

249 891 277 936 55
297 876 367 926 Hunc
380 882 473 927 urinam
486 877 558 928 nitidi
569 881 630 928 Solis
640 884 787 946 praenuncius
799 897 880 932 ortum

330 954 421 1005 Afferat
437 952 539 1005 admisso
551 957 647 1006 Lucifer
659 958 726 1007 albus
737 975 808 1025 equo.

322 1101 1003 1200 essfflssflffla

473 1246 715 1310 ELEGIA
755 1249 829 1309 VI.

292 1337 372 1455 Fe
381 1421 442 1456 nus
460 1409 573 1456 amicitiae
584 1423 628 1458 nec
638 1398 689 1464 uia,
700 1411 820 1459 carissime
832 1445 840 1470 ,
856 1411 957 1471 nostrae,

327 1483 399 1543 Nec,
417 1487 436 1533 si
454 1485 517 1534 forre
532 1484 606 1545 velis,
621 1485 769 1536 dissimulare
781 1502 858 1552 potes.
948 1546 951 1551 Ι

293 1562 379 1611 Donec
390 1565 454 1611 enim
465 1562 547 1623 licuit,
557 1579 601 1612 nec
611 1579 634 1612 re
640 1567 700 1612 mihi
708 1566 784 1612 carior
790 1564 850 1613 alter
856 1598 865 1626 ,
876 1581 878 1588 ’

325 1640 377 1692 Nec
389 1642 432 1690 ribi
443 1659 483 1690 me
494 1640 548 1691 roei
559 1643 662 1706 juniiior
672 1641 738 1690 Urbe
746 1641 800 1691 fuir.

263 1742 274 1785 ς
293 1719 362 1786 isque
374 1736 423 1769 erar
440 1736 515 1785 usque
528 1717 590 1768 adeb
600 1719 691 1784 populo
707 1719 817 1778 testatus,
829 1733 856 1766 ut
866 1715 923 1767 effer

326 1799 394 1847 Paene
404 1787 479 1862 magis
490 1797 618 1863 qualium,
639 1797 761 1864 ququue
771 1813 832 1862 ego,
843 1812 914 1846 notus
925 1812 1006 1846 amor.

293 1877 387 1942 Quique
401 1891 451 1925 erat
461 1880 486 1924 in
497 1878 556 1925 carie
565 1878 639 1926 animi
651 1877 696 1926 ribi
706 1873 795 1925 candor
810 1877 892 1924 amieis
902 1907 912 1935 ,

324 1953 444 2021 cognitus
460 1955 492 2002 est
500 1953 555 2015 illi,
570 1970 643 2020 quern
653 1954 713 2003 colia
722 1955 783 2018 ipse,
800 1957 863 2002 viro.

291 2032 334 2082 Nil
346 2036 380 2082 ira
394 2032 504 2093 celabas,
521 2048 608 2082 utnon
620 2049 665 2098 ego
676 2034 784 2082 conscius
794 2029 884 2090 effem3

245 2116 274 2147 ¹⁰
322 2108 583 2177 Pestoribusquedabas
595 2111 672 2160 multa
680 2098 781 2176 regenda
793 2113 859 2158 meis.

289 2188 384 2254 Cuique
396 2205 441 2254 ego
452 2189 577 2238 narrabam
585 2191 669 2239 secreti
678 2187 793 2257 quicquid
803 2187 937 2249 habebam,

320 2265 426 2331 Excepto
437 2262 503 2332 quod
513 2282 552 2314 me
562 2264 687 2331 perdidit,
703 2283 762 2316 unus
773 2283 831 2316 erar.

287 2344 316 2394 ld
336 2362 432 2411 quoque
443 2348 463 2393 si
476 2341 571 2404 scilice,
585 2344 652 2394 salvo
664 2343 867 2414 fruereredodali5

319 2422 478 2488 consilioque
486 2423 565 2472 forem
575 2424 670 2488 sospes,
680 2426 756 2473 amice
767 2457 775 2483 ,
790 2439 841 2472 ruo.

243 2518 268 2562 ις
288 2501 334 2552 Sed
352 2519 405 2552 mea
415 2504 489 2551 mein
500 2517 598 2566 poenaru
608 2505 723 2553 nimirum
734 2501 783 2552 fata
794 2500 932 2550 trahebatur

317 2563 399 2631 ‘Omne
408 2581 478 2631 bone
493 2577 610 2646 <plaudunt
624 2580 734 2630 utilitatis
744 2581 798 2629 irer.

276 2663 341 2710 xSive
352 2661 442 2710 malum
453 2661 522 2724 potui
536 2673 616 2708 tamen
626 2659 673 2707 hoc
685 2661 759 2707 vitare
768 2654 874 2706 cavendo
884 2672 895 2715 ;

319 2743 365 2790 Seu
376 2743 437 2789 ratio
447 2739 524 2788 fatum
534 2739 629 2786 vincere
643 2735 710 2786 nulla
718 2735 782 2786 valer
791 2752 799 2794 5

287 2818 326 2867 Tu
334 2833 430 2877 tamen,
447 2817 479 2866 oi
496 2816 565 2864 uobis
575 2816 618 2863 usu
627 2817 772 2880 iunfflsaime
782 2815 873 2879 longo,
915 2833 925 2864 e

240 2915 271 2949 ao
319 2897 374 2948 Pars
384 2893 494 2945 desiderii
502 2896 607 2942 maxima
622 2885 687 2958 pane
698 2896 746 2942 mei
757 2928 765 2953 ,

286 2974 323 3023 Sis
336 2989 429 3022 memor
440 2990 447 3019 r
460 2975 506 3032 bc,
525 2973 544 3020 ai
558 2965 737 3039 quas'fecittibi
752 2974 828 3036 gratia
839 2972 917 3032 vires,

319 3051 373 3099 lllas
391 3066 435 3114 pro
447 3050 517 3099 nobis
536 3051 674 3115 experiare,
689 3065 759 3116 rogo.
845 3049 847 3054 '
