2334 3917
286 408 429 494 Emer.
453 438 511 491 nx
531 420 685 491 Ponro
705 420 743 487 L.
759 421 809 487 II.
837 440 900 507 με

185 545 275 609 Adde,
293 545 360 614 quod
377 550 490 611 ingenuas
509 541 618 593 didiciffe
636 541 740 591 fideliter
758 555 839 595 artes.

218 622 320 675 Emollit
331 641 409 673 mores
419 658 427 683 ,
439 638 483 672 nec
494 624 553 671 sinit
564 618 611 670 effe
622 620 694 669 feros.

185 702 237 754 Nec
254 706 346 769 Regum
364 705 492 768 quisquam
507 703 583 765 magis
594 699 627 748 est
640 699 764 748 instru&ur
779 696 808 745 ab
820 694 885 754 iilis,

218 782 319 830 Mitibus
330 794 371 829 aut
382 776 463 829 studiis
473 794 581 844 tempora
592 776 661 842 plura
671 773 748 825 dedit.
923 782 953 829 5⁰

184 856 301 909 Carmina
312 858 442 914 testantur3
456 872 524 922 qnae,
541 860 560 905 si
572 871 613 904 tua
626 856 726 903 nomina
738 852 836 914 demas,

218 936 358 985 Threicium
366 940 479 1001 juvenem
490 928 650 1000 composuiffe
662 950 757 998 negem.

186 1012 253 1064 Neve
264 1015 307 1062 sub
323 1016 369 1063 hoc
381 1016 456 1063 trastu
466 1028 530 1063 vates
542 1012 606 1062 foret
617 1015 700 1061 unicus
712 1012 837 1075 Orpheus,

218 1092 318 1141 Bistonis
331 1094 427 1156 ingenio
442 1105 503 1153 terta
513 1092 612 1155 superba
624 1104 666 1139 tuo
681 1089 723 1138 est.

185 1168 267 1234 thue
280 1170 324 1218 tibi
336 1170 368 1218 est
378 1171 487 1228 animus,
499 1168 554 1217 crim
568 1184 604 1217 res
616 1170 650 1216 ita
665 1165 782 1232 postulat,
793 1178 861 1213 arma
922 1167 949 1215 55

219 1248 315 1295 Sumere
328 1281 336 1306 ,
350 1250 374 1295 δι
386 1246 465 1296 hostili
477 1249 567 1311 tingere
578 1243 642 1295 cade
653 1261 752 1294 manum
762 1260 770 1301 ς

184 1323 283 1388 Atque,
295 1339 321 1372 ut
332 1340 371 1383 es,
385 1322 480 1374 excuffo
494 1323 602 1389 jaculum
614 1338 725 1389 torquere
736 1322 844 1385 lacerto,

219 1400 340 1468 Collaque
351 1402 441 1451 velocis
453 1400 544 1451 fleCiere
557 1399 639 1451 dorius
651 1404 705 1466 equi
712 1418 720 1460 3
758 1451 761 1455 ,

186 1478 307 1543 Tempora
318 1482 350 1527 ric
363 1478 418 1529 data
429 1470 483 1528 sunt
495 1477 575 1527 studiis
591 1481 631 1527 ubi
645 1479 704 1544 justa
714 1479 836 1542 paternis,
907 1490 913 1495 '

218 1555 300 1623 thue
314 1560 359 1607 suis
374 1560 478 1607 humeris
490 1556 553 1606 forte
561 1558 653 1621 quievit
661 1571 737 1620 opur;
920 1562 954 1601 60

186 1633 223 1685 Ne
235 1652 274 1685 tua
282 1637 429 1684 marcescant
439 1652 480 1699 per
490 1638 576 1683 inertes
586 1637 638 1683 otia
648 1636 764 1692 somnos,

217 1712 309 1763 Lucida
319 1713 396 1762 Pirria
407 1710 485 1762 tendis
495 1716 520 1761 in
531 1712 590 1761 astra
600 1712 648 1762 vii.

184 1786 243 1837 Haec
254 1805 349 1854 quoqne
359 1806 394 1852 rec
404 1786 498 1853 aliquid
508 1802 589 1836 tecum
600 1789 660 1835 mihi
672 1784 770 1836 foederis
780 1783 850 1835 affert
862 1805 868 1834 ι

216 1864 329 1931 Ejusdem
342 1868 400 1915 sacri
409 1866 488 1914 cultor
496 1880 596 1930 uterque
604 1867 693 1914 sumus.

185 1940 701 2004 Advatemvatesoranriabrachiatendo,
795 1949 797 1954 “
918 1949 968 2005 65.

217 2019 291 2071 Tetra
302 2026 335 2087 sit¹
343 2016 433 2072 exsiliis
441 2037 467 2071 ut
479 2036 519 2071 tua
529 2019 576 2069 fida
589 2023 658 2070 meis.

184 2096 242 2148 Non
251 2116 295 2164 ego
306 2098 371 2149 cade
383 2116 472 2149 nocens
487 2103 512 2148 in
523 2100 624 2149 Pontica
635 2100 706 2150 litora
716 2102 787 2161 venia

216 2174 323 2229 Mixtave
334 2180 388 2228 sunt
398 2178 478 2228 nostrai
489 2177 540 2228 dita
547 2195 639 2229 venena
649 2196 735 2229 manu:

184 2252 237 2303 Nec
251 2271 303 2304 mea
314 2256 417 2321 subjestd
428 2259 536 2307 convitia
546 2257 579 2305 est
587 2273 684 2321 gemma
694 2256 783 2306 tabelli
858 2290 865 2299 ι

216 2330 360 2381 Mendacem
376 2334 430 2382 linis
443 2332 581 2398 imposuiffe
593 2349 688 2384 notam.
917 2344 951 2388 70

184 2407 237 2459 Nec
251 2406 398 2473 quidquam,
415 2407 542 2474 quodlege
553 2426 620 2459 veter
631 2412 800 2469 committere,
817 2410 873 2459 feci.

216 2486 248 2535 Et
258 2501 338 2535 tamen
346 2489 382 2535 his
393 2490 487 2551 gravior
495 2504 558 2536 noxa
567 2486 665 2537 fatenda
674 2490 735 2537 mihi
743 2489 783 2536 est.

183 2564 251 2616 Neve
263 2580 331 2629 roges
342 2562 400 2629 quid
411 2568 441 2613 sit
451 2582 459 2624 ς
470 2564 566 2617 stultam
575 2566 758 2629 conscripsimus
771 2565 870 2615 Artem:

213 2644 332 2693 Innocuas
340 2644 410 2691 nobis
419 2645 470 2691 haec
478 2657 545 2693 vetat
554 2641 601 2693 esse
610 2658 704 2692 manus.

181 2718 277 2787 Ecquid
288 2736 400 2786 praterea
410 2723 548 2786 peccarim,
559 2736 665 2786 quaerere
676 2719 746 2780 noli,
915 2736 945 2783 75

214 2798 250 2847 Ut
258 2799 331 2848 lateat
342 2798 475 2863 sold-culpa
487 2799 530 2847 sub
543 2802 601 2849 Arte
612 2814 675 2848 mea.
898 2791 900 2796 ’

181 2874 304 2943 Quicquid
314 2875 341 2925 id
354 2875 402 2935 est,
416 2879 489 2925 habui
501 2875 650 2927 moderatam
663 2875 766 2927 vindicis
775 2879 834 2927 itam
846 2897 853 2927 e

215 2954 283 3015 Qui,
299 2957 344 3009 nisi
362 2954 467 3003 natalem
506 2954 542 3005 nii
554 2958 617 3005 mihi
632 2952 738 3015 demsit,
753 2959 864 3005 humum.
948 2997 953 3006 .

180 3031 233 3081 Hac
247 3035 362 3097 quoniam
373 3049 460 3091 careo;
472 3047 514 3085 tua
524 3049 588 3083 nunc
598 3034 688 3083 vicinia
697 3034 802 3100 ἱππῆες

214 3107 295 3161 inviso
305 3112 395 3175 possim
409 3124 473 3161 tutus
485 3126 512 3161 ut
529 3108 575 3161 effe
593 3111 676 3167 loen·

649 3230 653 3236 „
717 3189 771 3243 Or
