2334 3917
291 357 356 422 288
431 351 475 418 P.
497 354 653 418 Ovrmr
674 353 868 420 NArorcrs

319 473 369 522 Nec
385 475 451 522 venit
467 469 498 521 ad
511 471 585 522 duros
597 472 667 522 Musa
680 473 766 524 vocata
777 475 861 526 Getae.

284 549 319 598 Ut
337 564 417 598 tamen
429 550 479 614 ipse
492 548 579 608 vider,
593 550 669 600 ludier
679 549 796 600 deducere
806 553 913 602 versum.

316 625 362 676 Sed
372 644 424 676 nou
437 626 465 680 fit
475 627 526 678 fato
535 628 636 678 mollior
651 628 693 677 ille
706 645 771 680 meu.

237 727 263 775 ¹5
283 703 348 755 Cum
359 705 460 770 relego,
478 703 593 770 scripsisse
605 705 678 771 pudet
686 725 692 754 r
700 710 756 771 quia
768 706 871 772 plurima
883 725 974 768 cerno,

315 783 358 831 Me
376 800 490 850 quoque,
508 786 551 848 qui
561 782 626 842 feci,
643 781 740 849 judice,
752 782 825 849 digna
835 783 890 833 liui.

281 859 334 909 Nec
344 875 426 910 tamen
434 859 537 910 emendo
544 879 550 908 r
557 861 626 910 labor
635 863 688 920 hic,
698 860 772 926 quim
781 863 898 922 scribere,
907 869 997 930 major,

314 939 431 1004 Mentque
439 941 488 1002 pati
498 937 585 986 durum
599 938 694 988 sustinet
705 954 767 1002 egra
777 939 847 989 nihil.

281 1016 377 1066 Scilicet
386 1018 498 1081 incipiam
515 1014 575 1064 limi
586 1013 721 1064 mordacius
736 1017 789 1064 uti?

164 1105 169 1115 ‘
233 1116 264 1151 ιο
311 1094 343 1143 Et
355 1096 398 1143 sub
406 1092 524 1159 judicium
534 1093 627 1158 singula
637 1093 710 1143 verba
718 1108 804 1142 vocem
814 1096 823 1142 i

279 1172 388 1237 Torquet
405 1175 470 1220 euim
480 1172 585 1220 fortuna
596 1187 694 1235 parum,
711 1173 757 1220 nisi
769 1168 839 1220 Nilus
849 1172 874 1222 iu
885 1173 995 1224 Hebrum

310 1248 447 1308 Confluat,
464 1253 489 1298 dt
508 1247 606 1297 frondes
621 1249 719 1313 Alpibus
731 1245 805 1298 addar
816 1250 903 1300 Athos.

277 1325 425 1375 Parcendum
436 1325 469 1374 est
477 1328 559 1374 auimo
570 1325 704 1374 miserabile
710 1325 797 1375 vulnus
807 1327 905 1376 habenti
921 1363 930 1388 ,

307 1400 445 1452 subducant
455 1405 522 1451 oncri
535 1402 599 1452 colla
610 1403 701 1468 perusta
711 1404 791 1455 bover-

229 1501 257 1548 ²5
275 1479 324 1540 At,
343 1495 418 1545 puto,
432 1478 521 1528 fruetus
529 1478 610 1539 adest,
622 1479 747 1546 justissima
756 1481 825 1530 causa
838 1481 968 1534 laborume

307 1555 338 1607 Et
354 1558 403 1606 sata
420 1572 475 1605 cum
488 1556 568 1606 multo
579 1556 662 1606 fenore
673 1555 753 1607 reddit
763 1573 827 1621 ager.

275 1631 382 1698 Tempus
398 1631 429 1683 ad
440 1635 502 1694 hoc,
517 1635 601 1689 nobit,
612 1648 702 1699 repetas
714 1634 772 1684 licet
781 1638 881 1696 omnia,
894 1638 990 1688 nullum

307 1710 416 1772 Profuit,
433 1711 443 1775 (
455 1726 526 1777 atque
536 1715 629 1761 utinam
640 1727 689 1760 uon
700 1710 830 1762 nocuiffetl
841 1714 851 1779 )
870 1731 941 1778 opus.

273 1784 326 1836 Cur
335 1789 408 1851 igitur
419 1788 520 1836 scribam
532 1790 540 1836 i
552 1788 644 1835 miraris
652 1805 658 1835 r
667 1789 741 1835 miror
752 1789 852 1852 &ipset

226 1880 256 1926 30
304 1864 335 1912 Et
351 1881 446 1913 mecum
457 1881 539 1935 quaro
549 1865 608 1929 sape
616 1897 625 1923 ,
641 1862 767 1929 quidinde
781 1864 867 1915 seram.

271 1938 309 1988 An
318 1939 421 2003 populus
431 1939 484 1988 veri
495 1941 563 1988 sanos
572 1953 645 2003 negat
656 1936 703 1988 effe
716 1941 816 2003 po'e'tas?

282 2052 286 2056 .
302 2011 407 2082 Sumque
417 2015 475 2065 fider
489 2018 559 2080 hujus
570 2019 674 2065 maxima
682 2019 748 2066 vocis
759 2019 822 2080 ego?

270 2094 335 2155 Qui,
350 2093 422 2142 sterili
432 2095 503 2143 toties
513 2093 569 2142 crim
576 2097 623 2142 rim
634 2091 746 2158 deceptus
756 2087 785 2142 al>
795 2109 852 2144 arvo
862 2127 871 2154 ‚

301 2171 424 2222 Damnosi
437 2171 514 2237 perslo
529 2169 632 2220 condere
649 2172 729 2220 semen
744 2172 827 2220 humo.
885 2229 890 2240 ,

222 2273 250 2319 ³5
270 2248 366 2299 Scilicet
375 2250 408 2298 cll
421 2247 520 2314 cupidus
529 2247 663 2298 studiorum
673 2252 773 2315 quisque
784 2249 898 2310 suorum,

300 2329 405 2393 Tempus
420 2331 444 2377 &
457 2325 546 2376 assueti
555 2345 643 2392 ponere
650 2331 674 2376 in
682 2342 731 2376 arte
740 2331 817 2391 juvat.

266 2408 363 2456 Saucius
373 2411 448 2472 ejurat
459 2421 563 2472 pugnam
573 2405 706 2470 gladiator,
723 2409 748 2453 δι
758 2405 841 2460 idem,

299 2484 431 2533 Immemor
445 2487 538 2549 antiqui
549 2483 670 2543 vulneris,
685 2500 751 2532 arma
760 2484 833 2548 ca‘pit.

265 2560 309 2611 Nil
320 2564 364 2611 sibi
374 2578 430 2612 cum
440 2561 518 2626 pelagi
527 2559 588 2611 dicit
598 2561 649 2610 sore
659 2561 788 2626 naufragus
799 2558 885 2618 undis3

215 2649 249 2694 40
297 2640 358 2690 Mox
369 2639 436 2689 ducit
446 2655 524 2688 remos
533 2633 550 2699 ,’
560 2639 608 2704 qui
623 2636 697 2688 modo
708 2642 789 2698 navit,
807 2637 878 2703 aqui.

263 2719 302 2767 Sic
309 2735 353 2783 ego
364 2718 497 2768 constanter
507 2715 610 2767 studium
622 2733 672 2766 non
682 2716 740 2765 utile
751 2732 822 2780 carpo
833 2731 842 2774 ;

295 2793 326 2842 Et
337 2809 437 2858 repeto,
450 2792 543 2842 nollem
557 2809 616 2858 quas
628 2789 740 2851 coluisse,
757 2791 828 2841 Deae.
869 2829 871 2836 ,

263 2868 329 2932 Quid
342 2874 421 2935 potius
436 2869 537 2928 faciam!
549 2888 600 2920 uon
612 2873 682 2930 sum,
699 2873 740 2936 qui
752 2871 831 2934 segnia
843 2868 932 2920 ducam

294 2948 368 2997 Otia:
381 2963 446 2997 mors
463 2947 533 2996 nobis
545 2962 637 3012 tempus
649 2949 747 2996 habetur
760 2949 830 2996 iners.

213 3026 242 3072 45
262 3023 313 3074 Nec
327 3028 395 3090 jurat
404 3027 430 3075 in
440 3023 520 3075 lucem
530 3028 608 3076 nimio
617 3027 759 3076 marcescere
769 3028 843 3079 vinor

919 3109 976 3163 Nec
