2334 3917
294 417 362 462 220
434 393 477 463 P.
501 395 658 462 OVJDH
678 395 874 466 NASONIS

322 514 401 575 Quim
411 530 461 566 nou
470 517 568 580 ingenio
578 517 678 566 nomina
688 516 761 584 digna
773 519 841 568 meo!

286 591 353 640 Dum
368 606 448 641 tamen
460 609 517 641 aura
526 607 608 658 tepet,
620 593 865 646 mediodefendimur
876 596 942 647 istro.
960 624 963 628 ·

318 669 362 718 ille
373 670 418 718 suis
429 668 534 735 liquidus
547 669 610 720 bella
627 671 721 737 repellit
731 674 806 737 aquis.

284 749 315 796 At
334 747 390 796 culm
402 747 471 797 tristis
482 749 557 796 hiems
568 749 698 814 squalentia
708 751 810 814 protulit
819 767 860 799 ora
873 785 882 810 ,

235 844 266 877 ιο
315 826 435 892 Terraque
448 841 584 874 marmoreo
595 823 696 875 candida
707 825 766 874 fasta
781 826 835 891 gelu
848 828 899 876 este

276 903 348 968 ‘Dum
359 918 424 968 patet
438 906 462 951 bc
472 902 573 962 Bureas,
590 907 614 951 &
627 906 666 950 nix
676 905 761 968 injecla
771 905 813 952 sub
829 907 914 963 Arum

313 981 378 1028 Tum
392 979 467 1048 liquet
479 982 519 1027 has
532 993 613 1048 gentes
628 995 669 1028 axe
683 995 799 1031 tremente
811 986 891 1047 premi.

280 1057 409 1123 Nixjarcet:
423 1059 448 1106 bc
458 1059 543 1122 jallans
552 1073 595 1105 nec
609 1057 649 1106 Sol
661 1057 776 1122 pluvlaeve
787 1057 919 1107 resolvunt:

312 1133 410 1184 indurat
423 1133 531 1196 Boreas,
549 1150 735 1201 perpetuamque
746 1135 812 1188 facit.

231 1223 257 1269 15
278 1212 359 1276 Ergo,
374 1213 415 1260 ubi
426 1210 527 1262 delicuit
536 1209 644 1260 nondum
654 1215 739 1277 prior,
753 1213 826 1263 altera
836 1218 901 1264 venit
915 1234 921 1266 s

308 1289 340 1337 Et
357 1288 419 1338 solet
436 1289 462 1338 in
478 1289 561 1337 multis
575 1290 639 1338 bima
650 1299 745 1340 manere
757 1290 824 1340 locis.
887 1333 890 1338 .

276 1367 401 1433 Tantaque
410 1368 529 1417 commoti
538 1369 574 1415 vie
587 1366 619 1415 est
631 1367 773 1434 Aquilonis,
786 1383 812 1418 ut
823 1369 883 1419 altas

307 1445 395 1512 AEquet
408 1447 483 1494 humo
492 1459 578 1500 turres,
595 1447 701 1510 teilaque
710 1460 775 1510 rapta
787 1445 855 1496 ferat.
948 1439 951 1446 ¹

274 1523 393 1584 Pellibus,
409 1527 434 1572 bc
446 1525 503 1572 sutis
515 1537 597 1571 arcent
609 1522 671 1571 mali
683 1523 773 1587 frigora
783 1524 873 1573 braccis
886 1541 894 1584 a

157 1598 161 1605 ’
226 1631 256 1664 20
305 1601 400 1667 Oraque
414 1598 445 1650 de
460 1614 514 1649 toto
529 1615 628 1664 corpore
641 1599 690 1654 sola
700 1615 790 1665 patent.

272 1681 337 1744 Saepe
348 1680 434 1729 sonant
444 1681 506 1727 moti
513 1677 590 1742 glacie
600 1675 718 1742 pendente
730 1678 810 1742 capilli
822 1713 831 1737 ,

305 1757 336 1805 Et
351 1760 413 1807 uitet
426 1754 524 1805 indubio
536 1753 638 1805 candida
652 1755 725 1806 barba
744 1756 814 1820 gelus

270 1832 373 1900 Udaque
388 1834 518 1884 consiliunt
531 1831 635 1882 formam
645 1835 760 1883 servantia
770 1833 833 1882 tella

302 1912 383 1962 Vina:
395 1929 439 1961 nec
452 1911 532 1962 hausta
548 1914 626 1971 meri,
643 1909 682 1960 sed
692 1909 747 1960 data
757 1910 827 1960 frusta
839 1912 935 1962 bibunt.

223 2020 249 2065 ²!
269 1987 336 2050 Quid
345 1989 446 2054 loquar,
465 2004 492 2038 ut
502 1991 573 2038 vincli
583 1990 738 2040 concrescant
749 1988 836 2052 frigore
848 1991 893 2037 rivi
905 2024 914 2050 ,

300 2067 384 2134 Deque
395 2067 448 2116 lacu
456 2067 551 2132 fragiles
562 2065 798 2133 effodiantur'aquae?

267 2145 337 2210 lpse,
353 2145 487 2213 papyrifero
495 2147 536 2210 qui
544 2161 594 2193 nou
605 2145 724 2210 angustior
735 2159 803 2197 arnus
814 2179 822 2209 ‚

300 2224 415 2274 Miscetur
425 2223 490 2273 vasto
505 2223 582 2273 multa
594 2240 635 2288 per
646 2239 688 2272 ora
699 2223 779 2282 freto,

198 2336 201 2344 ι
267 2300 389 2352 Caeruleos
405 2304 481 2350 ventis
498 2301 580 2350 latices
590 2301 729 2350 durantibus
739 2335 747 2361 ,
759 2301 814 2350 ister

218 2408 249 2460 30
299 2379 436 2445 Congelat,
456 2384 480 2429 δι
496 2382 561 2428 tellis
572 2382 598 2428 in
605 2395 669 2436 mare
678 2380 748 2445 serpit
759 2381 832 2445 aquis.

265 2457 367 2523 Quique
377 2473 436 2507 rates
447 2460 540 2515 ie'rant,
551 2454 650 2522 pedibus
662 2473 724 2504 nunc
734 2458 781 2505 itur
794 2474 800 2503 τ
814 2459 838 2504 &
850 2454 925 2505 undas

296 2535 392 2599 Frigore
405 2548 526 2583 concretas
536 2532 625 2597 ungula
635 2531 713 2605 pulsat
723 2536 787 2599 equi.

262 2612 354 2678 Perque
365 2627 441 2661 novos
459 2625 560 2676 pontes,
576 2611 655 2658 (libret
668 2609 799 2658 labentibus
808 2609 896 2670 undis,

294 2689 393 2738 Ducunt
403 2690 526 2738 Sarmatici
538 2688 636 2735 barbara
643 2687 743 2756 plaustra
752 2688 834 2736 boves.

214 2796 241 2840 35
260 2767 307 2816 Vix
323 2764 434 2833 equidem
445 2764 540 2814 credar:
551 2762 591 2813 sed
599 2761 654 2812 ctlm
669 2768 717 2813 sint
726 2768 823 2830 praemia
834 2763 889 2816 falsi

292 2845 383 2904 Nulla,
394 2859 470 2894 ratam
481 2844 543 2892 testis
551 2841 621 2892 deber
631 2843 717 2892 habere
725 2841 807 2891 fidem.

259 2904 375 2974 Vidimus⁸
381 2927 503 2988 ingentem
513 2920 589 2987 glacie
597 2921 722 2971 consistere
734 2937 835 2986 pontum
845 2957 853 2982 ,

292 3003 440 3067 Lubricaque
455 3004 568 3050 immotas
580 2999 637 3048 tella
647 2999 769 3064 premebat
783 3016 863 3064 aquus.

259 3078 310 3128 Nec
321 3075 406 3128 vidille
417 3080 451 3129 sat
462 3078 514 3128 est:
526 3075 613 3126 durum
628 3076 772 3128 calcavimus
784 3093 865 3144 equor
876 3095 883 3126 s
