2334 3917
269 422 287 466 2
294 411 338 490 36
400 399 442 470 P.
471 404 625 470 orror]
647 409 860 476 NAsortts.

298 518 418 571 Texiffent
430 520 500 586 digiti
517 523 609 574 lumina
619 526 697 575 nostra
707 529 750 576 tui.
857 591 859 601 ,

215 606 246 656 45
268 598 295 646 Et
310 601 369 647 cinis
385 602 412 648 in
428 602 523 649 tumulo
539 605 629 666 positus
640 600 748 668 jacuiss'et
761 607 842 659 avito,

295 675 414 742 Tatioque
424 680 530 728 noscenti
537 695 623 745 corpus
633 681 730 730 haberet
739 685 834 730 humus.

262 751 421 818 Denique&,
435 770 462 803 ut
473 759 537 815 vixi,
554 760 604 805 sine
615 761 714 807 crimine
734 774 842 808 mortuus
859 757 942 809 effero·

283 829 367 883 ,Nune
378 848 432 881 mea
441 833 558 897 supplicio
574 836 623 883 vita
638 833 749 898 pudenda
760 837 801 884 suo
810 835 851 884 eli.

263 906 305 955 Me
315 909 428 956 miserum
440 910 446 958 l
458 913 478 957 ti
489 925 531 970 tu,
543 909 599 959 crlm
609 910 693 960 diceris
704 913 788 960 exsulis
799 929 876 973 uxor,

217 987 246 1034 50
296 987 388 1035 Avertit
403 987 503 1048 vultus,
521 992 547 1037 bc
557 989 620 1038 subit
630 1005 672 1037 ora
686 990 766 1038 rubor.

263 1062 305 1111 Me
323 1064 435 1112 miserum
446 1064 453 1112 l
467 1067 486 1113 ti
496 1079 563 1130 turpe
574 1080 641 1129 putas
652 1067 712 1114 mihi
723 1081 797 1131 nupta
812 1067 899 1117 videri.

191 1155 196 1162 ·
295 1141 338 1189 Me
348 1143 460 1191 miserum
469 1143 476 1191 l
489 1146 509 1191 si
520 1148 602 1208 tejam
615 1142 688 1208 pudet
698 1143 744 1194 elle
754 1161 841 1194 meam.

263 1217 368 1283 Tempus
378 1220 419 1268 ubi
431 1221 464 1270 est
475 1219 554 1276 illud,
566 1238 616 1286 quo
628 1235 651 1270 te
662 1225 747 1287 jablme
757 1223 848 1271 solebas

295 1293 422 1360 Coniuge,
433 1314 478 1346 nec
488 1315 577 1347 nomen
589 1296 736 1350 dissimulare
746 1303 790 1348 viri
802 1303 811 1349 i
971 1355 976 1364 ¹

215 1377 227 1429 ς
234 1383 243 1421 ῖ
263 1372 367 1434 Tempus
376 1365 416 1421 ubi
426 1373 475 1429 est,
487 1391 537 1440 quo
548 1390 588 1435 te,
600 1379 645 1425 nisi
656 1379 676 1426 ti
688 1377 750 1442 fugis
761 1378 802 1426 illa
812 1378 914 1434 referre,

295 1449 326 1498 Et
340 1448 407 1510 dici,
423 1455 539 1507 memini.
556 1456 618 1518 juvit
628 1457 653 1503 bt
667 1451 713 1522 elie
731 1458 825 1504 meam?

263 1525 343 1591 thue
359 1529 439 1592 ptobae
447 1527 547 1593 dignum
558 1529 604 1591 est,
620 1533 687 1580 omni
702 1533 745 1580 tibi
755 1531 812 1582 dote
822 1533 957 1598 placebam.

295 1601 404 1654 Addebat
413 1610 474 1656 verit
485 1608 563 1657 multa
572 1608 674 1659 fatentis
687 1626 764 1660 amor.
814 1627 817 1636 ·

263 1680 314 1730 Nec
324 1699 396 1747 quem
407 1685 526 1748 preferret
538 1718 546 1746 ‚
558 1689 592 1734 ita
601 1703 637 1735 res
649 1688 692 1736 tibi
704 1703 791 1752 magna
798 1686 895 1737 videbar
908 1723 916 1748 ,
967 1747 968 1750 Ἴ

215 1758 248 1797 6⁰
296 1760 403 1820 Quemre
414 1777 483 1812 tuum
494 1762 577 1812 mallet
587 1760 650 1824 tli'e,
661 1766 697 1814 vir
709 1764 768 1814 alter
776 1780 833 1814 etat.

262 1833 334 1882 Nune
347 1850 443 1901 quoque
454 1853 483 1884 ne
495 1834 598 1900 pudeat,
610 1833 713 1902 quodsis
725 1839 784 1886 mihi
795 1853 880 1902 nupta:
893 1852 974 1905 tuusq3

191 1914 195 1918 “
294 1912 353 1961 Non
363 1912 433 1963 dolor
443 1916 499 1963 binc
510 1912 598 1972 debet,
614 1912 685 1964 debet
694 1909 770 1962 abeffe
782 1911 868 1978 pudor.

262 1988 327 2039 Cum
341 1989 429 2040 cecidit
440 1991 564 2055 Capaneus
575 1993 654 2041 subito
667 1993 803 2040 temerarius
814 1994 874 2050 istu,

295 2066 360 2115 Num
372 2067 430 2132 legis
441 2066 554 2118 Evadnen
564 2066 681 2118 erubuilse
690 2071 742 2118 viro
751 2075 760 2121 i
824 2108 825 2112 ,

213 2139 241 2195 ⁶5
264 2143 313 2192 Nec
325 2179 333 2204 ‚
349 2148 406 2210 quia
416 2147 465 2197 Rex
472 2145 558 2196 mundi
568 2149 716 2212 compescuit
726 2147 818 2211 ignibus
827 2151 893 2212 ignes
903 2183 913 2209 ,

293 2223 345 2287 Ipse
361 2227 423 2283 tuis,
440 2225 563 2282 Pha'e'ton,
580 2223 721 2274 inficiandus
735 2241 792 2274 eras.
812 2220 814 2224 ’

262 2301 313 2350 Nec
321 2301 413 2350 Semele
424 2300 521 2353 Cadmo
531 2301 591 2350 fasta
607 2301 639 2350 est
649 2301 726 2351 aliena
736 2305 826 2366 parenti
838 2337 847 2362 ‚

294 2378 367 2439 Quod
377 2381 485 2445 precibus
495 2381 565 2444 periit
577 2380 704 2428 ambitiosa
721 2380 777 2428 suis.

264 2457 313 2506 Nec
324 2459 382 2512 tibi,
393 2456 460 2523 quod
471 2461 537 2507 saevis
547 2473 592 2522 ego
603 2459 655 2505 sunt
665 2457 730 2507 lovis
740 2458 833 2521 ignibus
845 2460 902 2509 icius
913 2493 923 2520 ‚

214 2539 245 2580 7Ο
294 2537 426 2601 Purpureus
437 2536 508 2586 molli
518 2534 561 2586 fiat
571 2538 596 2584 ln
605 2551 647 2585 ore
657 2535 729 2584 rubor
741 2553 748 2582 a

262 2612 307 2661 Sed
322 2616 397 2677 magis
407 2618 432 2662 in
442 2613 519 2663 nostri
526 2629 607 2662 euram
619 2613 734 2676 consurge
745 2611 841 2668 tuendi,

294 2690 483 2757 Exemplumque
493 2693 554 2740 mihi
570 2691 678 2754 conjugis
691 2689 739 2740 esto
750 2691 817 2738 bona·
828 2709 835 2739 t

195 2795 197 2799 >
262 2767 436 2833 Materiamque
449 2772 494 2818 tuis
511 2767 601 2816 tristem
618 2767 744 2816 virtutibus
757 2767 840 2831 imple.

291 2843 370 2894 Ardua
379 2862 420 2910 per
428 2862 528 2910 praeceps
538 2844 616 2909 gloria
625 2842 697 2894 vadat
708 2847 761 2894 ittr.

213 2923 242 2971 75
264 2923 365 2973 Hedera
375 2927 427 2988 quis
437 2921 534 2981 nollet,
545 2925 565 2971 si
577 2920 635 2970 felix
650 2923 724 2986 TroJa
735 2917 815 2970 fuillet
827 2924 835 2969 i

296 2999 393 3048 Publica
407 3001 497 3048 Virtuti
506 3016 547 3064 per
557 2999 622 3048 mala
633 2997 694 3048 facta
703 3002 742 3058 yla
755 2999 796 3048 est.

263 3077 306 3128 Ars
324 3090 364 3126 tua
370 3109 381 3138 ,
391 3077 488 3144 Tiphy,
500 3080 581 3144 jacet,
597 3079 675 3130 sinon
685 3077 716 3128 sit
726 3078 752 3128 iu
762 3091 857 3146 equore
867 3075 966 3132 liutius:
