2334 3917
298 326 370 393 .1·18
447 320 490 391 P.
521 322 677 389 Ovum
700 322 895 393 Nasonis

335 444 372 491 Fit
382 444 483 507 pretium
496 441 590 507 dignis3
601 459 645 493 nec
655 444 700 493 sibi
712 447 811 511 quisque
821 446 908 511 piacet.

300 520 346 569 Hic
357 520 426 569 status
434 522 460 568 in
471 520 535 581 cepio
546 521 637 569 multos
646 525 776 586 permansit
786 526 811 571 in
824 540 916 583 annos,

332 596 397 645 Dum
408 599 486 647 senior
498 598 554 647 fatis
562 596 652 649 excidit
662 616 716 649 arce
725 600 801 650 Deus.

251 678 277 731 ³5
299 674 372 723 Terra
383 674 446 725 feros
458 691 553 740 partus,
565 679 681 727 immania
689 678 810 735 monstra,
820 678 957 744 Gigantas,

332 751 430 811 Edidit,
442 755 539 803 ausuros
551 756 649 805 inJovie
660 758 693 805 ire
701 754 813 805 domum.

299 830 370 881 Mille
381 848 464 881 marrus
475 832 522 881 iilis
533 830 600 881 dedit
611 866 621 889 ‚
638 837 663 882 &
676 850 721 899 pro
735 835 841 883 cruribus
851 849 957 898 angues:

332 910 409 975 Atque
422 912 470 969 ait,
482 911 508 957 in
520 925 622 973 magnos
630 925 799 959 armamovete
807 910 882 959 Deos.

299 985 420 1036 Exstruere
431 989 457 1035 hi
469 1000 562 1035 montes
579 984 696 1035 adsidere
707 989 799 1037 summa
808 988 939 1053 parabant,
1003 1023 1005 1028 -

248 1066 281 1114 40
331 1064 361 1113 Et
379 1080 493 1127 magnum
510 1063 576 1113 hello
593 1063 711 1113 solicitare
727 1065 821 1114 iovem.

298 1142 316 1189 F
318 1142 408 1194 ulmina
419 1140 448 1191 de
460 1141 517 1191 coeli
526 1141 642 1206 iaculatus
653 1143 760 1206 iuppiter
773 1158 825 1191 arce

329 1221 408 1269 Vertit
418 1222 443 1267 in
454 1222 557 1268 nudiores
568 1217 674 1283 pondera
681 1220 744 1268 vasta
755 1220 817 1268 suos.

284 1296 340 1346 ‘His
350 1298 408 1345 bene
416 1296 525 1362 Majestas
537 1299 609 1346 armis
618 1296 713 1347 defensa
721 1296 829 1346 Deorum

328 1376 407 1425 Restat
415 1394 420 1423 z
429 1379 453 1424 δι
464 1392 491 1423 ex
501 1373 546 1424 illo
558 1389 665 1439 tempore
677 1374 745 1423 firma
755 1389 846 1423 manet.

245 1456 275 1501 45
295 1453 388 1503 Assidet
398 1453 441 1503 ilia
451 1454 520 1504 iovi:
532 1454 597 1502 Jovis
607 1452 640 1502 est
651 1450 765 1501 fidissima
775 1453 867 1501 custos:

328 1532 359 1583 Et
370 1532 461 1597 prestat
473 1534 522 1581 sine
533 1533 558 1581 vi
569 1532 660 1595 sceptra
670 1527 793 1580 tremenda
803 1530 865 1579 iovi.

294 1610 368 1659 Venit
380 1614 404 1659 δι
415 1612 440 1659 in
449 1625 520 1660 terras
531 1627 537 1657 r
549 1609 675 1658 coluerunt
686 1607 804 1656 Romulus
816 1608 885 1659 iliam

327 1688 358 1736 Et
372 1687 453 1737 Numi
465 1705 471 1734 r
483 1702 540 1735 mox
552 1686 608 1745 alii,
622 1700 729 1749 tempore
738 1687 838 1750 quisque
848 1687 900 1733 suo.

294 1762 340 1814 llla
350 1781 426 1829 partes
439 1767 465 1813 in
474 1766 573 1813 honore
585 1767 626 1829 pio
633 1779 766 1830 matresque
774 1778 866 1812 tuetur:

247 1844 257 1889 5
263 1843 277 1874 0
326 1842 809 1908 iilacomespuerisvirginibuequevenit.

252 1940 253 1945 ¹
293 1918 339 1969 illa
352 1917 421 1969 datos
438 1916 510 1969 fasces
526 1917 697 1979 commendat,
715 1920 818 1983 eburque
829 1917 928 1967 curule:
970 1928 976 1938 ’

325 1993 370 2041 Illa
380 1996 498 2042 coronatis
508 1993 556 2041 ait-a
567 1994 697 2057 triumphat
708 1994 783 2057 equit.

291 2070 396 2137 finierat
405 2086 475 2121 voces
486 2068 648 2131 Polyhymnia
659 2087 665 2117 r
679 2066 740 2117 dina
750 2062 880 2133 pfobarunt

324 2146 445 2213 Clioque,
465 2148 489 2194 &
502 2162 578 2195 curvae
590 2148 648 2193 scita
658 2143 744 2195 Thalia
754 2144 820 2207 lyrae.

247 2234 273 2281 55
292 2222 386 2289 Excipit
401 2223 504 2275 Uranie:
514 2224 590 2273 fecere
601 2222 695 2271 silentia
705 2224 808 2281 condiat

323 2304 354 2352 Et
368 2320 414 2353 vox
422 2300 498 2351 audiri
508 2300 593 2356 nulla,
604 2304 649 2349 nisi
659 2301 702 2350 iiia
712 2300 796 2365 potest.

224 2428 230 2440 „
290 2380 380 2447 Magna
394 2380 441 2431 fuit
458 2378 580 2445 quondam
589 2382 675 2446 capitis
688 2379 815 2429 reverentia
825 2378 897 2434 cani,

322 2460 396 2525 Inque
411 2460 453 2507 suo
465 2461 540 2523 pretio
556 2474 615 2522 ruga
625 2458 704 2506 senilis
713 2472 771 2507 erat.

289 2536 375 2587 Martis
384 2554 442 2602 opus
454 2541 567 2601 juvenes,
582 2538 736 2602 animosaque
747 2535 824 2591 bella,
836 2515 967 2600 gerebhnt:

241 2618 273 2654 ⁴0
322 2615 353 2664 Et
367 2632 411 2679 pro
425 2612 469 2663 Dis
486 2611 601 2662 aderant'
594 2629 620 2662 tn
630 2612 729 2661 statione
741 2616 795 2662 suis.

209 2754 212 2763 Ι
289 2693 384 2741 Viribus
398 2693 442 2741 iila
455 2694 552 2750 minor,
563 2707 607 2739 nec
621 2689 735 2740 habendis
746 2691 811 2740 utilis
826 2694 918 2751 armis,

321 2770 433 2820 Consilio
443 2771 523 2834 patria
534 2770 594 2833 saepe
602 2768 692 2818 ferebat
702 2786 783 2834 opem.

289 2846 340 2895 Nec
351 2849 396 2897 nisi
406 2847 459 2911 post
469 2862 543 2896 annos
553 2849 629 2911 patuit
639 2861 695 2895 tunc
706 2846 780 2897 Curia
790 2849 869 2905 seross

321 2920 418 2971 Nomen
431 2925 456 2969 dt
470 2924 543 2969 atatis
554 2924 613 2969 mite
624 2922 721 2970 Senatus
732 2936 790 2971 erat.

241 2993 267 3047 ⁶5
288 2999 342 3049 Jura
354 2997 425 3051 dabat
435 2997 525 3065 populo
534 3000 611 3048 senior
623 3018 630 3048 z
642 2996 756 3067 finitaque
767 3002 836 3049 certia
