2334 3917
291 360 584 432 Furrotuu
611 354 705 428 im.
730 359 789 430 ΙΙ.
854 379 895 454 59

210 486 296 550 Quim
309 482 414 551 primirm
421 482 568 535 nostrisedia
578 482 672 535 lacerna
681 498 764 534 manu.

177 565 247 629 Quid
259 580 342 615 tamen
353 559 447 611 audistis
455 568 471 613 i'
479 576 536 609 narn
551 559 621 624 plura
631 559 712 611 audire
722 561 813 612 soletis.

212 644 339 705 Quantum
357 640 386 691 de
401 640 469 689 bello
481 637 570 689 dicitur
582 636 628 689 effe
643 642 731 705 superi

177 719 312 773 Postmodo
323 722 385 770 vieta
394 716 462 768 cadet
471 736 478 765 e
486 716 646 778 melioribus,
663 716 760 779 Ardea,
772 720 840 770 restet
854 756 861 779 ‚

212 800 342 865 Improba,
358 813 411 863 qua
422 795 514 845 nostros
526 798 592 859 cogit
600 792 677 854 abeffe
687 798 762 846 viros.
897 787 945 833 75⁹

180 880 233 927 Sint
243 876 338 927 tanttim
354 873 451 924 reduces
463 892 468 921 ε
482 871 523 923 sed
533 876 603 931 enim
612 877 750 923 temerarius
759 874 801 925 iile

213 955 254 1004 Est
268 969 336 1003 meus
348 971 356 1013 3
373 956 398 1001 &
414 953 492 1000 strido
507 951 617 1017 quolibet
628 954 682 1001 ense
693 955 749 1002 ruit.

179 1034 252 1085 Mens
266 1034 333 1087 abit,
352 1036 376 1080 &
388 1034 496 1089 morior,
509 1032 603 1095 quoties
614 1035 740 1095 pugnantis
750 1035 833 1097 imago

213 1113 257 1161 Me
275 1112 337 1159 subit
349 1128 355 1157 e
369 1114 393 1158 &
405 1105 512 1174 gelidum
524 1110 619 1171 peciora
630 1108 704 1173 frigus
714 1110 795 1160 hebet.

178 1188 277 1240 Desinit
287 1192 313 1237 in
327 1188 443 1250 lacrymas
453 1190 608 1252 :intentaque
620 1186 661 1239 file
676 1192 792 1249 remittit,
899 1184 926 1236 75
933 1185 947 1234 5

213 1268 244 1315 ln
265 1268 356 1331 gremio
372 1265 468 1314 vultum
480 1264 637 1330 deposuitque
649 1268 726 1315 snum.

179 1342 237 1395 Hoc
248 1344 326 1409 ipsum
337 1342 418 1393 decuit
426 1361 432 1390 ε
441 1342 553 1405 lacrymae
563 1342 670 1393 cecidere
680 1342 790 1409 pudice,

213 1423 245 1471 Et
263 1422 336 1471 facies
345 1424 427 1471 'animo
438 1419 557 1487 dignaque
568 1437 657 1487 parque
668 1421 722 1471 fuit.

180 1500 248 1550 Pone
259 1514 353 1549 metum
365 1533 373 1558 ‚
388 1502 461 1549 venio
473 1532 481 1558 ,
494 1502 582 1565 conjux
593 1503 636 1549 eit.
648 1500 693 1556 lile
707 1501 793 1551 revixit
798 1519 806 1561 3

213 1578 301 1645 Deque
310 1582 356 1627 viri
366 1578 431 1627 collo
440 1577 510 1627 dulce
520 1577 634 1643 pependit
641 1594 710 1629 onus.
751 1610 755 1617 -
901 1586 950 1637 760

180 1656 275 1707 interea
287 1660 380 1723 juvenis
392 1656 492 1705 furiatos
501 1660 578 1721 regius
588 1659 655 1723 ignee

214 1734 350 1799 Concipit,
368 1738 393 1783 dt
412 1750 475 1783 caeco
488 1750 567 1799 raptus
585 1751 666 1785 amore
684 1736 751 1787 furit.

181 1812 270 1863 forma
286 1813 382 1877 placet,
397 1815 527 1879 niveusque
539 1813 624 1875 color,
635 1813 738 1880 lituique
749 1811 850 1879 capilli3

212 1892 311 1957 Quique
323 1888 404 1940 aderat
413 1890 481 1941 nulli
494 1891 568 1941 faetus
579 1892 609 1940 ab
619 1905 669 1959 arte
677 1891 759 1941 decor.

180 1969 262 2019 Verba
274 1968 389 2035 placent,
403 1972 427 2017 δι
437 1984 485 2019 vox
495 1986 502 2028 ς
514 1974 539 2019 δι
550 1968 618 2036 quod
627 1978 780 2037 corrumpere
790 1988 841 2022 non
850 1972 947 2045 estt745

214 2048 321 2113 Qudque
337 2052 416 2098 minor
430 2051 481 2113 spes
492 2052 540 2110 est,
558 2054 606 2101 hoc
617 2055 693 2117 magis
704 2051 746 2100 ilie
756 2056 833 2119 cupit.

179 2126 235 2176 Jatn
253 2124 351 2176 dederat
362 2142 460 2177 cantum
473 2129 532 2177 lucit
544 2133 694 2194 prenunciue
707 2130 775 2189 aleet
806 2176 810 2186 ,

214 2202 283 2254 cnm
291 2204 398 2255 referunt
408 2210 505 2269 invenes
514 2211 540 2257 in
550 2209 591 2258 sue
598 2208 671 2257 castra
681 2206 777 2272 pedem.

181 2280 299 2346 Carpitur
307 2286 422 2332 attonitos
433 2286 534 2334 absentie
543 2287 648 2350 imagine
657 2288 737 2335 sensus

216 2359 278 2409 ille:
290 2360 424 2411 recordanti
435 2361 503 2427 plura
514 2366 637 2429 magisque
647 2365 750 2429 placent.
899 2367 949 2415 77⁰

180 2438 221 2489 Sic
233 2436 296 2488 sedit
306 2456 312 2486 e
325 2442 358 2488 sic
366 2440 430 2488 culta
442 2440 488 2490 fuit
498 2460 504 2489 ι
514 2444 547 2491 sic
556 2442 656 2492 stamina
666 2445 732 2493 nevit
738 2460 747 2502 3

213 2516 336 2581 Negieiite
353 2517 419 2567 collo
431 2521 465 2567 ric
479 2522 572 2583 iacuere
583 2537 669 2571 comt.

180 2594 236 2645 Hos
249 2596 439 2645 habuitvulure:
450 2598 501 2646 haec
511 2598 628 2665 illiverba
641 2599 723 2656 fueee3

214 2670 262 2720 Hic
274 2668 365 2730 decor,
382 2673 432 2721 haec
450 2672 538 2733 facies,
553 2676 594 2723 hic
607 2673 676 2723 coloe
685 2675 734 2721 orit
745 2684 803 2721 eret.

179 2748 216 2798 Ut
233 2748 297 2799 solet
313 2765 328 2797 a
343 2764 431 2815 magno
442 2748 525 2799 liutius
536 2751 687 2815 languescere
696 2746 774 2808 flatu3
902 2759 948 2809 775

213 2822 262 2873 Sed
279 2838 360 2873 tamen
372 2840 385 2873 a
396 2840 487 2885 rento,
499 2830 541 2892 qui
552 2826 601 2877 fuit
614 2840 686 2882 ante,
700 2839 793 2883 eumen
896 2874 899 2877 ,

179 2902 234 2961 sic,
252 2904 363 2967 quamvis
377 2903 456 2952 aberat
467 2903 563 2967 placite
574 2905 699 2967 presentia
709 2902 811 2963 forma,
870 2936 874 2942 »

212 2978 295 3038 Quem
312 2978 411 3031 dederat
421 2986 520 3046 present
531 2983 630 3042 forma,
645 2984 756 3041 manebat
767 2998 845 3033 amor.

180 3054 258 3107 Ardet
270 3074 279 3116 5
300 3061 325 3107 dc
336 3058 416 3123 injusti
426 3059 530 3113 ffintulie
540 3061 643 3125 agitetur
652 3062 741 3109 amoris

730 3140 794 3209 evj
