2334 3917
299 396 439 464 Emit
459 411 515 465 EX
534 396 688 465 PONTO
705 397 744 472 L.
762 397 813 465 II.
851 423 916 485 3¹9

233 512 331 568 Occulit
349 537 355 567 :
374 518 500 568 &colitur
518 514 561 584 pr'o
579 518 638 569 Jove
655 517 734 568 forma
746 518 821 568 lovis.

199 588 325 661 Denique,
338 613 391 662 qua
404 612 499 646 mecum
511 595 561 656 est,
578 600 603 645 it
620 598 664 645 erit
680 597 730 645 sine
741 593 806 658 fine,
818 612 916 658 cavete,

233 672 270 721 Ne
286 677 317 723 sit
333 678 359 724 in
374 675 452 724 inviso
462 674 537 725 vestra
549 672 626 739 figura
635 673 701 723 loco.

200 748 263 799 Nam
277 768 349 817 capur
359 771 372 802 e
383 753 462 802 nostra
483 751 552 802 ciclis
573 754 665 801 cervice
682 749 796 812 recedet,
934 762 962 812 σς

232 828 263 877 Et
274 834 350 894 patiar
361 830 429 880 fossis
441 830 523 880 lumen
534 831 598 880 abire
609 832 692 897 genia:
744 872 746 878 .

200 901 281 964 Quim
296 922 388 955 caream
400 910 488 974 raptis,
506 924 522 956 o
539 906 636 973 publica
650 905 765 956 numina!
782 906 871 964 vobir3

232 982 282 1031 Vos
294 987 357 1033 eritis
373 984 457 1034 nostrae
473 1001 555 1051 portus
567 989 592 1034 δι
605 1001 645 1033 ara
657 983 730 1049 fugae.

198 1056 249 1107 Vos
259 1076 304 1125 ego
316 1062 475 1127 compleam,
488 1064 578 1113 Geticis
591 1065 610 1111 si
623 1065 705 1127 cingar
719 1061 749 1110 ab
766 1063 855 1109 armis:

229 1138 327 1205 Vosque
342 1156 406 1190 meaa
417 1141 536 1207 Aquilae,
552 1158 599 1192 vor
616 1157 670 1189 mea
685 1142 753 1204 rigna
763 1140 856 1203 sequar.
932 1156 963 1197 70

185 1212 247 1265 alut
267 1233 311 1281 ego
325 1235 364 1267 me
375 1218 451 1279 fallo,
467 1220 590 1285 nimiique
607 1216 719 1285 cupidine
737 1214 831 1266 ludor:

231 1293 279 1343 Aut
295 1297 345 1359 spes
362 1297 438 1345 exsilii
455 1296 631 1347 commodioris
642 1294 716 1346 adest.

198 1368 263 1420 Nam
274 1377 352 1423 minut
363 1378 388 1424 δι
401 1378 480 1426 minna
495 1376 528 1425 est
545 1376 617 1425 facies
632 1378 659 1424 in
675 1375 781 1438 imagine
794 1371 879 1430 cristis3

228 1450 330 1517 Visaque
347 1454 401 1504 sunt
415 1450 483 1503 diuis
498 1470 600 1503 annuere
617 1470 660 1503 ora
676 1456 744 1501 meir.
762 1504 770 1516 ,

196 1526 278 1588 Veia,
297 1546 400 1596 precor,
420 1529 479 1580 fiant
497 1530 589 1581 timida
606 1532 719 1596 praesagia
732 1531 819 1579 mentia
838 1547 845 1578 r
929 1527 959 1575 ⁷5

227 1607 337 1674 Juliaque
349 1612 458 1676 quamvis
468 1608 515 1670 cii,
527 1613 557 1658 sir
568 1612 648 1659 minor
661 1610 697 1657 ira
709 1606 766 1659 Dei.

197 1751 911 1828 ‹mess-zss
978 1784 985 1850 '-

324 1897 781 1962 EPISTOLA‘IX.

361 2072 551 2135 COTYI
588 2070 762 2139 REGLA

191 2159 258 2278 R
271 2248 284 2280 a
296 2248 311 2281 o
323 2249 332 2281 r
344 2249 361 2283 Α
378 2238 503 2301 progeniei
514 2270 522 2296 ‚
532 2240 589 2287 cui,
597 2234 731 2285 nobilitatis
746 2234 817 2297 origo

224 2306 322 2358 Nomen
333 2313 358 2358 in
368 2312 482 2379 Eumolpi
494 2316 602 2378 pervenit
613 2328 687 2378 urque
697 2346 706 2371 ,
717 2310 801 2371 Cotyi

192 2382 265 2432 Fama
275 2384 364 2451 loquax
373 2388 458 2439 vestras
473 2393 492 2438 ri
504 2394 553 2454 jam
566 2390 673 2455 pervinit
687 2386 718 2438 ad
728 2403 811 2447 aures,

223 2461 266 2511 Me
278 2464 322 2513 tibi
332 2462 430 2515 finitimi
440 2480 506 2531 parce
517 2472 593 2533 jacere
605 2468 666 2525 [οὓς

188 2540 308 2605 Supplicis
318 2540 402 2591 exaudi
412 2576 420 2602 ,
433 2547 548 2608 juvenum
558 2547 702 2602 mitissime,
712 2556 799 2592 vocem
809 2558 816 2589 =
926 2560 937 2603 5

221 2618 348 2684 Quamque
359 2634 427 2684 poter
438 2622 558 2687 profugo,
569 2638 626 2671 nam
637 2636 720 2686 potes,
731 2617 789 2668 affer
800 2632 882 2682 opem.

185 2695 230 2748 Me
243 2696 347 2745 Fortuna
359 2698 418 2758 tibi,
435 2697 483 2765 (de
499 2715 546 2765 qua
563 2716 594 2748 ne
610 2711 757 2764 conquerar,
774 2697 821 2745 hoc
835 2692 904 2761 clm)

219 2772 332 2825 Tradidit
343 2791 352 2833 3
364 2777 411 2825 hoc
430 2792 478 2826 uno
493 2793 543 2825 noo
559 2779 658 2826 inimica
669 2777 741 2824 mihi.

184 2853 274 2919 Excipe
284 2852 437 2920 naufragium
446 2870 497 2905 non
509 2853 570 2905 duro
583 2855 655 2906 litore
665 2858 787 2924 nostrum,
836 2905 841 2913 .

217 2933 256 2982 Ne
273 2932 345 2983 fuerit
360 2931 422 2983 terri
440 2935 515 2983 tutior
529 2932 594 2984 unda
610 2934 660 2983 turi.
922 2955 951 2985 ro

186 3010 274 3075 Regia,
291 3009 361 3061 crede
377 3013 454 3073 mihi,
472 3027 508 3061 ret
525 3012 578 3071 est,
599 3015 732 3063 succurrere
743 3012 832 3079 lapris3

217 3087 340 3141 Convenit
355 3093 379 3141 ir
395 3104 463 3142 tanto
476 3124 486 3155 ,
500 3106 603 3161 quantur
624 3108 647 3143 es
665 3093 715 3161 ipse
728 3126 736 3151 ,
755 3098 818 3145 viro.

707 3170 731 3221 0
745 3173 772 3224 ir
786 3200 795 3215 ι
