2334 3917
240 417 384 482 Enrsn.
406 428 464 478 nx
489 411 643 480 Ponno
667 413 705 482 L.
728 416 759 482 1.
797 438 860 502 291

183 538 290 587 Scribere
302 556 309 587 s
322 537 415 587 tractari
426 533 524 585 vulnera
535 535 613 585 nostra
625 538 720 585 timent.

151 612 329 679 Qualicumque
344 610 421 661 modo
437 613 498 659 mihi
512 613 560 660 sint
570 629 597 661 ea
609 611 684 670 fana,
697 629 780 678 rogate

154 737 158 745 ,
185 691 285 740 Desinet
295 708 346 740 non
356 693 431 755 agites
442 724 450 749 ‚
463 693 539 756 siqua
550 696 616 742 coire
627 690 695 740 velis.

152 768 277 835 Quicquid
284 767 310 818 id
324 769 374 828 est,
386 783 468 818 utnon
479 767 587 827 facinus,
600 772 633 817 sic
642 769 712 833 culpa
721 767 866 820 vocandum.
887 775 915 818 ²5

187 848 273 896 Omnis
284 864 314 895 an
325 850 349 894 in
361 861 459 910 magnos
471 846 541 909 culpa
552 846 617 894 Deos
629 847 759 896 scelusest?

153 928 210 991 Spes
227 929 300 990 igitur
311 928 386 973 menti
400 941 492 990 poenae,
504 925 628 980 Gracine,
640 923 746 992 levandae

187 1003 246 1052 Non
264 1003 295 1052 est
307 1019 335 1050 ex
347 1016 400 1051 toto
415 1000 482 1049 nulla
491 1000 570 1049 reiista
581 1017 650 1050 mere.

152 1077 211 1130 Hac
223 1078 292 1137 Dea,
305 1077 360 1126 crim
377 1075 486 1140 fugerent
497 1075 619 1125 sceleratas
634 1079 734 1126 numine
747 1092 836 1140 terras,

182 1159 211 1206 ln
222 1156 267 1205 Dis
279 1155 356 1204 invisi
369 1154 420 1204 sola
430 1157 543 1202 remansit
554 1156 639 1203 humo.
892 1167 919 1210 50
940 1166 942 1170 ·

154 1236 213 1288 nec
226 1235 300 1289 facit.
317 1248 344 1281 ur
360 1236 426 1281 vivat
435 1234 527 1280 sindus
541 1248 639 1298 quoque
653 1231 770 1298 compede
782 1232 872 1294 soffor3

187 1315 345 1378 Liberaquea
360 1309 424 1358 ferro
442 1325 509 1358 crura
521 1309 601 1359 futura
615 1325 692 1376 putet.

156 1392 213 1442 Haec
226 1388 302 1444 facit,
319 1402 364 1442 ut,
381 1383 463 1435 videat
474 1386 530 1434 cum
542 1401 614 1434 terras
627 1385 731 1453 undique
743 1387 833 1443 nullas,

189 1466 325 1530 Naufragus
335 1468 361 1514 in
373 1462 459 1512 mediis
469 1465 567 1513 brachia
582 1467 645 1528 jacet
655 1469 731 1531 aquis.

156 1549 223 1611 Saepe
234 1545 339 1610 aliquem
354 1542 436 1591 sollers
447 1539 598 1590 medicorum
607 1559 662 1591 cura
672 1543 770 1610 reliquit
782 1561 790 1603 ς
893 1567 917 1609 35

190 1623 243 1674 Nec
255 1624 305 1686 spes
314 1623 369 1669 huic
382 1655 390 1679 ,
408 1620 470 1668 veui
484 1616 610 1668 deficiente
620 1654 628 1678 ,
640 1618 713 1671 cadit.
752 1659 754 1664 ,

157 1699 261 1753 Carcere
278 1697 390 1747 dicuntur
407 1697 481 1746 clausi
498 1699 589 1762 sperate
600 1697 719 1747 salutemr

190 1779 269 1843 Atque
279 1776 365 1842 aliquis
374 1773 479 1840 pendens
489 1778 515 1824 in
528 1791 599 1824 cruce
609 1791 667 1829 vota
676 1777 742 1826 facit.

157 1855 216 1906 Hac
233 1855 286 1904 Dea
296 1854 371 1920 quim
382 1854 474 1902 multos
487 1854 574 1920 laqueo
584 1855 625 1902 sua
635 1855 699 1904 colia
709 1855 808 1922 ligantes

190 1934 249 1984 Non
263 1932 296 1981 est
305 1931 428 1997 propositi
440 1928 504 1996 pulsa
515 1935 592 1996 perite
606 1933 677 1982 nece!
890 1955 922 1997 40

157 2013 200 2064 Me
210 2027 307 2078 quoque
315 2023 442 2059 conantum
453 2007 536 2074 gladio
544 2008 613 2060 finire
623 2009 734 2060 dolorem

191 2091 290 2144 Arcuit,
308 2088 395 2153 rnjeua
413 2089 581 2154 continuitque
603 2105 685 2139 mauu.

157 2165 272 2234 Quidque
279 2166 337 2216 facis
344 2170 354 2214 i
362 2166 473 2228 iacrymis
480 2182 540 2231 opus
548 2166 582 2216 est
590 2183 654 2227 ,non
665 2170 779 2233 sanguine
786 2207 793 2231 ,
801 2170 873 2222 dixit:

192 2249 257 2312 Saepe
267 2262 308 2311 pot
319 2247 360 2293 has
372 2241 434 2292 flesti
452 2245 567 2310 Principis
583 2249 619 2294 ira
630 2246 699 2296 splot.

158 2325 274 2387 Quamvis
288 2324 321 2373 est
331 2325 404 2388 igitur
415 2326 506 2371 metitis
517 2321 625 2373 indebita
635 2326 735 2386 nostris,
754 2337 757 2342 ·
869 2359 871 2364 -
892 2351 920 2400 45
947 2313 952 2328 ⁸

192 2405 283 2468 Magna
293 2416 374 2450 tamen
385 2402 436 2466 spes
448 2401 482 2449 est
496 2403 522 2448 in
540 2402 647 2451 bonitate
662 2401 720 2451 Dti.
759 2420 762 2429 ¹

159 2481 209 2543 Qui
219 2498 249 2530 ne
265 2478 368 2530 difficilis
384 2482 445 2528 rnihi
455 2482 506 2539 sit,
526 2480 652 2539 Grecine,
667 2495 776 2544 precare:

192 2557 287 2610 Confer
298 2562 322 2607 ut
333 2560 358 2605 in
369 2572 455 2606 votum
466 2560 676 2623 tuquoquevetba
686 2574 777 2608 meum.
840 2607 843 2610 .

94 2652 95 2675 ¹
160 2639 236 2705 lnque
255 2637 383 2686 Tomitana
393 2639 484 2701 jaceam
495 2636 627 2685 tumulatus
638 2637 725 2696 areni,

193 2719 218 2766 si
234 2731 258 2764 te
268 2731 317 2764 non
332 2715 400 2762 nobis
411 2713 454 2762 ista
466 2729 554 2763 vovere
564 2715 648 2780 liquet.
898 2720 928 2769 to
1016 2711 1020 2717 '

160 2795 226 2846 Nam
237 2791 301 2858 priris
311 2794 427 2856 incipiant
435 2805 510 2840 turres
520 2795 595 2843 vitate
606 2791 741 2852 columbe,

194 2876 270 2921 Antra
280 2869 338 2918 fere
349 2903 358 2928 ‚
374 2866 476 2934 pecudes
490 2873 615 2933 gramina,
632 2882 727 2934 mergus
739 2887 809 2937 aquas
821 2891 829 2932 ς

160 2949 244 3012 Quam
263 2945 325 2995 male
336 2948 360 2994 se
370 2947 462 3010 prestet
472 2949 547 2995 veteri
558 2948 680 2996 Graecinus
691 2953 781 3002 amico.

193 3025 253 3077 Non
269 3027 303 3074 its
313 3025 368 3074 sunt
382 3024 437 3074 fatis
449 3026 532 3073 omnia
545 3026 612 3075 tetsa'
620 3029 688 3073 meis.

712 3183 773 3255 ur
