2334 3917
269 362 344 445 '374
401 357 444 428 P.
464 307 631 428 ‘Orrnrr
652 363 848 434 NAsonrs

303 478 385 538 Qualis
396 483 460 528 enim
471 497 574 548 eumque
586 483 635 538 est,
645 500 696 534 noo
707 485 765 535 latet
773 483 818 535 effe
829 501 920 534 means·

267 552 318 620 ipse
328 572 422 622 quoque
433 573 460 608 ut
470 559 557 608 chattae
569 561 666 610 titulum
678 562 707 612 de
718 564 796 614 fronte
806 565 928 625 revellas,

298 631 371 692 Quod
380 638 410 684 sit
419 653 495 701 opus,
505 636 592 688 videor
602 638 681 690 dicere
691 639 774 706 polle,
786 659 870 692 enum.

264 710 404 772 Quamlibet
412 717 437 762 in
447 716 530 766 multis
537 719 629 782 positus
640 719 735 768 noscere
746 720 851 782 libellis,

216 813 247 849 10
295 792 386 858 Perque
395 795 530 845 observatas
541 800 660 846 inveniere
671 813 750 849 notas.

264 868 370 921 Prodent
381 875 499 921 sudorem
510 877 589 934 vites,
604 890 661 940 quas
674 870 871 940 Hercule'dignas

297 947 432 1004 Novimus,
448 965 519 1016 atque
529 952 584 1012 illi,
596 969 669 1018 quem
680 956 759 1012 canis,
770 952 817 1001 effe
827 971 907 1018 pares.

264 1023 296 1075 Et
306 1043 359 1076 mea
370 1027 439 1076 Musa
447 1029 538 1092 potest,
550 1033 649 1094 proprio
659 1029 773 1096 deprensa
782 1031 881 1091 colore,

296 1105 396 1169 insignis
406 1109 470 1157 vitiis
481 1108 580 1156 forsitan
591 1105 637 1155 eise
648 1110 702 1158 suis.

218 1207 245 1259 ¹5
265 1182 325 1234 Tam
337 1185 401 1234 mala
411 1187 537 1235 Thersiten
546 1187 689 1250 prohibebat
698 1186 779 1236 forma
788 1187 876 1241 latere.

296 1263 377 1323 Quam
388 1263 488 1329 pulchri
497 1264 583 1312 Nireus
594 1264 775 1329 conspiciendus
784 1282 842 1315 erat.

262 1341 314 1391 Nec
325 1357 347 1390 te
359 1345 456 1402 mirari,
469 1345 489 1391 si
500 1347 547 1404 sint
557 1344 662 1401 vitiosa,
674 1341 769 1393 decebit

293 1418 427 1480 Carmina,
438 1436 493 1486 quae
506 1420 593 1469 fariam
603 1438 670 1485 paene
681 1427 752 1486 poe'ta
762 1421 845 1470 Getes.

261 1495 298 1546 Ah
310 1494 396 1562 pudet!
410 1501 433 1546 δι
446 1499 533 1548 Getico
544 1501 626 1563 scripsi
636 1501 745 1547 sermone
759 1496 868 1547 libellum
879 1513 890 1553 ς

215 1598 246 1634 20
293 1576 431 1642 Strudlaque
442 1579 496 1626 sunt
506 1577 591 1626 nostris
601 1579 700 1628 barbara
710 1579 783 1628 verba
791 1575 881 1626 modis.

261 1653 291 1702 Et
301 1653 396 1718 placui,
408 1670 500 1720 gratare
511 1658 585 1714 mibi,
597 1659 707 1721 eoepique
718 1661 795 1720 poe‘tae

294 1733 358 1783 Inter
368 1737 511 1784 inhumanos
521 1751 612 1784 nomen
623 1736 709 1784 babere
720 1735 803 1784 Getas.

260 1808 389 1861 Materiam
400 1816 502 1878 quaeris?
513 1811 595 1861 laudes
606 1810 636 1861 de
646 1811 740 1862 Celare
748 1809 808 1860 dixi.

292 1887 381 1954 Adjuta
391 1891 424 1939 est
434 1895 527 1940 novitas
537 1894 636 1940 nomine
646 1891 725 1940 nostra
736 1891 792 1938 Dei.

211 1983 238 2028 25
258 1964 322 2014 Nam
332 1971 403 2032 patris
416 1968 513 2032 Augusti
525 1966 598 2016 docui
610 1968 713 2018 mortale
724 1965 794 2016 fuiffe
947 1974 963 2029 Δ

290 2041 385 2108 Corpus
394 2063 402 2104 3
413 2049 438 2094 in
450 2048 560 2094 aethereas
571 2062 661 2095 numen
671 2044 745 2095 ablffe
755 2044 841 2095 domos
852 2062 862 2092 e

256 2116 309 2168 Effe
321 2137 400 2184 parem
411 2125 499 2172 virtute
508 2127 570 2188 patri
580 2159 589 2184 ,
599 2126 642 2190 qui
653 2123 721 2172 frena
729 2125 823 2174 coelius

288 2199 353 2262 Saepe
362 2201 462 2248 recusati
473 2203 561 2264 ceperit
571 2203 678 2264 imperii.

255 2273 309 2324 Ell'e
319 2275 458 2341 pudicarum
470 2293 493 2327 te
502 2277 610 2338 Vestam,
626 2278 709 2337 Livia,
720 2293 844 2339 matrum,

288 2355 358 2403 Ambi
538 2360 542 2370 '
580 2360 584 2371 '
740 2361 746 2371 ”
778 2392 785 2406 .

210 2389 239 2434 ³⁰
256 2428 309 2481 Elle
320 2372 506 2499 dugujiaeepffi
518 2355 869 2498 lillldldoarrl’jdrtdlllrtlll’zrentis,

289 2510 338 2572 Qui
348 2510 457 2562 dederint
466 2515 540 2561 animi
554 2516 655 2578 pignora
666 2529 730 2561 certa
740 2515 785 2562 sui.

255 2589 312 2638 Haec
323 2591 363 2638 ubi
373 2607 422 2640 non
432 2592 509 2656 patrii
519 2591 609 2657 perlegi
621 2594 707 2656 scripta
718 2590 845 2651 Ctimeni,

287 2668 360 2718 Venit
369 2673 393 2718 δι
404 2671 434 2719 ad
446 2668 534 2736 digitos
547 2669 632 2719 ultima
642 2673 724 2718 charta
734 2686 816 2728 meos3

209 2769 234 2812 ,ς
256 2744 286 2794 Et
295 2760 367 2810 caput
377 2749 402 2794 bc
413 2747 495 2816 plenas
506 2764 589 2798 omnes
600 2747 696 2797 movere
708 2749 844 2811 pharetras,

287 2823 318 2872 Et
329 2825 429 2888 longum
442 2826 530 2875 Getico
540 2843 649 2875 murmur
659 2828 685 2874 in
697 2842 739 2874 ore
750 2824 806 2874 fuit.

252 2901 330 2965 Atque
342 2901 441 2968 aliquis,
453 2904 544 2953 Scribas
555 2907 606 2953 haec
616 2903 671 2953 edm
681 2901 711 2952 de
722 2902 830 2963 cesare,
841 2901 926 2966 dixit,

160 2981 162 2986 ’
285 2978 384 3029 Caesaris
395 2984 496 3046 imperio
506 2981 662 3032 restituendus
676 2999 735 3031 eras.

253 3055 297 3106 lile
307 3055 406 3123 quidem
416 3057 493 3122 disier
504 3058 545 3114 sed
554 3079 595 3112 sne
603 3066 654 3129 jam
659 3095 671 3125 ‚
681 3058 744 3114 Care
750 3094 760 3123 ,
771 3058 847 3112 nivali
