2334 3917
295 394 340 477 48
411 384 456 455 P.
490 384 649 455 Ovrorr
679 386 876 455 NAsours

327 506 435 559 Partibus
447 526 453 557 ε
466 510 561 559 accursu
571 500 652 575 preda
661 525 755 575 recepte
765 510 846 558 Remi.

294 586 329 637 Ut
344 584 429 649 rediit,
441 588 542 637 verubus
553 586 677 639 stridentia
685 586 790 637 detrahit
801 601 856 635 exta
868 602 877 646 ς

325 666 404 734 Atque
415 669 465 720 ait.
478 666 535 717 Haec
545 680 610 715 certe
622 682 673 715 noo
681 668 728 715 nisi
738 667 814 715 vietor
825 662 891 715 edet.

247 746 364 820 375Dieia
374 747 432 797 facit
442 782 450 807 ,
462 747 576 811 Fabiique
584 746 668 795 sinml.
684 746 758 795 Venit
770 747 852 795 irritus
867 743 928 796 illuc

326 824 461 886 Romulus,
481 828 507 874 bt
518 825 610 873 mensas
621 820 721 890 ollaque
731 821 797 873 nude
806 821 883 873 videt.

292 904 354 953 Risit
365 937 374 964 ,
391 906 417 952 bt
433 900 540 951 indoluit
551 900 637 949 Fabios
646 895 749 963 potuiffe
759 900 910 964 Remumque

324 981 426 1031 Vincere
436 996 444 1038 ;
459 977 604 1038 Quintilios
617 992 668 1027 non
679 974 782 1041 potuiise
789 978 853 1027 suos.

291 1060 365 1109 fama
374 1071 455 1107 manet
467 1055 522 1105 faeti
534 1073 540 1103 z
552 1057 633 1119 posito
642 1055 780 1114 velamine,
795 1070 908 1114 curruum

244 1137 290 1199 380
323 1137 354 1187 Et
368 1150 500 1185 memorem
510 1132 619 1188 famam.
630 1130 699 1199 quod
708 1133 769 1183 bene
779 1135 849 1183 cessit
857 1168 865 1192 ,
873 1134 955 1183 habet.

290 1216 399 1265 Forsitan
415 1216 440 1262 bt
457 1226 564 1278 quares,
578 1214 662 1261 currit
672 1211 791 1262 locutille
805 1212 939 1277 Lupercal,

322 1293 411 1353 Quave
429 1288 494 1340 diem
508 1290 551 1339 tali
563 1292 664 1339 nomine
673 1291 743 1339 causa
752 1304 831 1341 notet.

288 1370 332 1422 ilia
347 1368 446 1419 Vestalit
463 1367 568 1419 colestia
585 1369 676 1417 semina
690 1382 760 1433 partu

275 1496 277 1503 ,
320 1444 449 1506 Ediderat‚
469 1461 554 1513 patruo
569 1462 643 1511 tegna
655 1462 750 1497 tenente
761 1449 814 1498 suo.

238 1516 309 1589 ,385ls
320 1528 387 1594 jubet
396 1526 483 1576 auferri
494 1542 594 1591 parvos,
607 1528 632 1574 bt
643 1528 670 1575 in
686 1542 758 1575 amare
770 1528 859 1578 necari.

320 1603 387 1667 Quid
402 1603 460 1654 facis
471 1607 480 1653 i
492 1620 520 1653 ex
530 1604 579 1653 istic
597 1603 715 1653 Romulus
726 1604 787 1655 aiter
794 1607 860 1656 criti

284 1680 349 1735 Juil'a
358 1684 490 1731 recusantes
504 1694 622 1748 peragunt
632 1680 766 1744 lacrymosa
774 1684 891 1735 ministri:

317 1758 387 1809 Fient
398 1772 497 1816 tamen,
514 1760 540 1807 δι
550 1759 659 1821 geminos
670 1757 762 1808 inlota
772 1756 834 1825 jussa
844 1759 933 1829 ierunt·

283 1836 392 1896 Albula,
407 1851 481 1903 quem
498 1835 585 1885 Tibrirt
599 1836 689 1885 mersus
706 1836 833 1887 Tiberium
848 1841 873 1887 in
885 1836 949 1887 unda

237 1914 284 1964 39⁰
317 1913 448 1974 Reddidit,
460 1915 564 1964 hibernie
579 1912 643 1965 lorti
657 1916 766 1965 tumebat
778 1919 855 1981 aquit.

282 1992 351 2051 Hic,
370 1992 411 2041 ubi
425 2008 489 2041 nune
505 1992 644 2047 forastum,
657 1992 739 2043 lintres
750 2010 826 2043 errare
836 1993 946 2054 videret3

314 2068 416 2136 Quique
430 2073 509 2135 Jacerrt
525 2067 615 2130 vallet,
635 2070 741 2121 Maxime
755 2070 846 2129 Circe,
861 2087 916 2122 ωε.

280 2146 335 2199 Huc
353 2148 394 2197 ubi
410 2162 541 2208 verterunt,
558 2164 603 2197 nec
620 2151 669 2213 jam
685 2148 814 2215 procedere
826 2148 923 2215 poumt

313 2226 436 2290 Longius;
454 2242 484 2275 cx
500 2225 550 2275 iliis
565 2242 645 2287 uout,
661 2244 693 2277 an
709 2228 787 2288 alter,
805 2231 847 2279 air.

232 2304 311 2358 vilic
323 2303 398 2371 quim
409 2306 463 2357 suut
474 2304 564 2353 similet
575 2304 583 2353 i
596 2318 622 2354 at
632 2304 708 2371 quim
718 2305 839 2357 formosus
848 2320 948 2375 uterque
959 2308 967 2356 l

310 2384 366 2433 Plus
376 2398 456 2435 tamen
466 2399 495 2433 ex
504 2382 553 2431 illis
563 2382 607 2433 iste
613 2386 702 2449 vigoris
709 2385 790 2435 habet.

276 2462 301 2513 Si
319 2476 397 2526 gerruc
403 2463 509 2527 arguitur
519 2460 589 2511 vultu
600 2478 609 2520 ς
621 2463 647 2511 ni
657 2461 722 2511 fallit
729 2464 828 2527 imago.

308 2540 397 2591 Nescio
414 2554 487 2606 quem
503 2540 572 2589 vobit
585 2540 691 2604 suspicor
704 2537 751 2589 elle
764 2539 857 2589 Deum.

276 2620 308 2672 At
324 2622 343 2669 si
362 2622 415 2687 quit
432 2618 512 2668 vestrae
525 2616 592 2667 Deus
607 2614 665 2667 ellet
679 2620 780 2683 originis
793 2621 895 2683 tutior,

225 2715 275 2761 400
308 2698 395 2748 lutam
406 2697 523 2763 precipiti
539 2710 648 2760 tempore
658 2696 819 2763 ferretopem.

274 2778 354 2827 Ferret
370 2792 442 2841 opem
453 2771 533 2834 certi,
550 2776 570 2823 si
584 2788 634 2823 non
647 2790 694 2839 ope
703 2791 781 2826 mater
790 2791 891 2842 egeret,
990 2811 994 2821 ι

305 2854 365 2915 Qua
381 2852 442 2902 fabia
459 2850 492 2901 est
503 2867 553 2901 uuo
564 2865 641 2901 mater
655 2854 681 2901 bt
691 2854 750 2903 orba
764 2852 815 2904 die.

172 2966 173 2971 =
272 2932 336 2983 Nata
346 2927 417 2978 simul
428 2960 436 2989 ,
455 2929 559 2993 petitura
569 2929 660 2989 simui,
676 2932 748 2980 timul
758 2935 793 2983 ite
802 2934 847 2983 sub
856 2933 932 2987 undat

304 3008 424 3072 Corpora.
445 3004 572 3065 Desierat,
590 3003 749 3075 deposuitque
765 3014 828 3064 sinu.

271 3082 403 3154 vagierunt
419 3077 525 3131 clamore
537 3082 590 3145 peri
602 3099 609 3131 ε
619 3082 706 3133 sentire
716 3100 823 3150 putatet.

954 3177 991 3232 Hi
