2334 3917
289 403 681 474 Tuncrum-Lm.
708 404 781 474 IV.
838 424 902 494 235

227 528 310 593 Sitque
320 524 591 586 memotuustrinecue,
602 524 688 575 tefette
698 527 767 574 mihi.
926 531 957 562 ¹⁰
1030 587 1032 592 ,

195 597 241 653 Hei
251 605 325 653 mihi!
335 620 377 652 cur
389 637 398 661 ‚
412 601 517 652 nimium
527 619 580 668 qua
591 604 645 652 suut
652 603 785 663 manifesta,
796 604 906 669 requiro?

227 683 280 732 Cur
290 682 355 731 labat
366 681 481 745 ambiguo
491 682 543 745 sper
550 682 611 728 mihi
622 683 697 728 mitra
706 683 789 730 metui

194 757 274 808 Crede
285 757 353 824 quod
361 759 394 807 est
405 793 413 817 ‚
424 755 550 824 quodvis3
562 773 589 806 ac
600 756 679 806 desine
691 772 742 806 tuta
752 761 840 808 veteri:

226 835 311 901 Deque
322 834 369 884 fide
377 835 443 885 certd
452 838 483 884 sit
493 836 537 886 tibi
547 850 611 884 certa
622 833 689 884 fides.
888 883 894 896 ,

195 908 316 976 Quodque
324 910 382 975 poio
393 910 445 960 fixe
458 926 579 976 nequeunt
590 911 634 960 tibi
645 910 723 960 dicere
736 909 840 960 flamma
847 945 856 971 ‚
924 917 951 964 ¹5

226 988 284 1038 Non
290 988 420 1038 mentitur&
428 1003 453 1037 tu
461 991 571 1039 tibivoce
578 988 652 1038 refert

193 1062 247 1113 Effe
258 1069 293 1114 tui
303 1083 437 1115 memorem
447 1101 455 1126 ,
469 1065 500 1117 de
508 1067 557 1132 qud
567 1067 612 1115 tibi
623 1067 727 1116 maxima
737 1081 793 1115 cura
803 1066 850 1125 este

225 1141 346 1210 Quodque
356 1145 450 1209 potest,
461 1146 540 1194 secum
549 1161 639 1194 nomen
650 1145 736 1194 habere
747 1159 825 1193 tuum.

192 1220 307 1269 vultibus
316 1221 360 1270 iiia
371 1224 434 1275 tuis,
454 1236 576 1287 tamquam
587 1223 720 1285 presentie,
738 1222 856 1281 inheret,

211 1299 309 1364 ·Teque
320 1314 411 1350 remota
422 1297 524 1364 procul',
537 1303 556 1348 ri
567 1297 644 1349 modd
654 1301 716 1349 vivit
727 1331 736 1358 ,
748 1313 822 1348 amat.
923 1318 954 1350 ao

189 1374 302 1442 Ecquid,
314 1393 341 1426 ut
350 1379 459 1426 incubuit
469 1377 530 1441 justo
538 1393 605 1426 mens
615 1393 679 1441 aegra
689 1374 770 1425 dolori
780 1407 790 1435 ,

224 1453 295 1502 Leuis
306 1455 335 1502 ab
346 1452 473 1504 admonito
483 1457 575 1520 pedore
585 1457 683 1506 sumnus
693 1454 762 1503 abit?

190 1531 261 1580 Tunc
277 1532 377 1581 subcunt
389 1548 467 1591 cure,
483 1529 542 1581 dum
553 1547 576 1580 te
587 1531 707 1596 ledusque
719 1530 833 1596 locusque

224 1609 327 1673 Tangit,
339 1613 364 1658 ὃ(
375 1609 477 1659 oblitam
488 1625 537 1658 uon
550 1612 608 1658 riuir
618 1606 664 1656 eise
675 1610 741 1658 mei!

189 1687 222 1736 Et
232 1688 403 1737 veniuntaestue
415 1693 511 1748 ,dcnox
520 1689 637 1737 immensa
647 1685 758 1743 videtum
921 1709 949 1756 ²5

222 1763 335 1832 Peisaque
346 1769 426 1831 jastati
436 1769 544 1832 corporis
549 1763 601 1815 offa
612 1763 696 1815 dolent
707 1766 715 1812 i

189 1843 247 1893 Non
257 1842 369 1910 equidem
380 1842 484 1903 dubito,
496 1838 557 1910 quiri
566 1846 616 1892 haec
628 1847 653 1891 δι
665 1855 743 1890 cetera
749 1837 808 1888 fiant
819 1856 828 1896 ς

221 1923 317 1987 Detque
330 1938 382 1971 tuus
394 1924 450 1971 casti
458 1926 525 1988 rigna
537 1921 630 1971 doloris
640 1936 722 1969 amur:

188 2000 241 2050 Nec
253 2003 356 2049 cruciere
367 2001 463 2059 minus,
474 1999 548 2066 qudm
561 2000 616 2048 etim
629 1999 744 2048 Thebana
753 2009 877 2045 cruentum

220 2078 322 2128 Hectora
333 2076 470 2127 Theffulico
477 2077 539 2127 vidit
548 2081 578 2128 ab
587 2095 628 2127 axe
640 2081 698 2142 rapi.
921 2089 951 2134 30

187 2153 253 2216 Quid
270 2170 347 2206 tamen
358 2157 407 2220 ipse
414 2173 512 2220 precer,
523 2155 624 2206 dubito:
635 2173 679 2206 nec
690 2155 768 2205 dicere
777 2151 887 2220 possum,

220 2229 339 2281 Affectum
347 2249 419 2298 quem
428 2248 451 2282 te
461 2238 548 2283 mentis
557 2236 643 2284 habere
652 2235 734 2283 veiim.

186 2309 317 2359 Ttistisesi
334 2308 447 2376 indignor
458 2348 466 2372 ‚
481 2311 548 2378 quod
559 2316 612 2362 sum
624 2315 667 2362 tibi
678 2314 746 2362 causa
758 2310 848 2360 doloris
859 2327 866 2359 a

218 2387 277 2436 Non
289 2390 330 2436 eri
345 2403 371 2437 ut
381 2384 466 2438 amiss'o
477 2393 579 2454 conjuge
588 2389 659 2454 digua
668 2391 741 2438 fores.

184 2464 289 2515 Tuvetd
304 2480 345 2515 rua
355 2464 441 2515 damna
453 2465 527 2527 dole,
544 2471 669 2518 mitissima
680 2471 785 2533 conjure
919 2478 945 2522 35

217 2544 323 2607 Tempus
335 2546 360 2592 dc
371 2560 385 2592 a
395 2545 479 2592 uostris
492 2549 558 2609 exige
570 2546 632 2594 triste
642 2545 726 2594 maiise
844 2607 846 2610 Ι

182 2620 272 2686 fleque
286 2638 354 2670 meos
364 2624 429 2670 casus
439 2640 445 2669 ι
454 2622 487 2670 est
497 2623 608 2687 quedam
623 2622 678 2671 flere
689 2623 798 2687 voluptas
810 2641 816 2670 t

215 2697 330 2762 Expietur
347 2697 459 2761 lacrymis
476 2704 627 2766 egeriturque
643 2699 723 2750 dolor.

183 2774 262 2840 Atque
270 2777 362 2823 utinam
373 2773 475 2840 lugenda
487 2779 531 2824 tibi
544 2794 595 2826 uon
607 2780 655 2826 vita
667 2812 675 2836 ‚
690 2775 730 2826 sed
741 2773 797 2826 effer

215 2853 284 2901 Mors
303 2869 357 2901 mea
367 2852 374 2901 i
386 2867 464 2901 morte
476 2852 539 2902 furer
550 2853 601 2902 sola
612 2855 690 2904 relidit
702 2855 764 2904 med.
912 2857 945 2898 4⁰
1037 2921 1042 2926 Ι

181 2933 282 2994 Spiritus
291 2933 332 2978 hic
346 2947 386 2994 pet
399 2945 422 2980 te
435 2934 521 2995 patrias
533 2930 616 2981 eriss'et
630 2935 654 2980 iu
671 2948 749 2982 auras:

215 3004 354 3071 Spareiffeut
365 3006 476 3070 lacrymat
488 3011 582 3073 periura
593 3010 670 3058 nostra
680 3012 733 3074 pie.

181 3083 345 3153 supremoque
357 3083 398 3138 die
408 3101 493 3138 notum
503 3088 631 3154 spediautia
644 3087 735 3141 curium
