2334 3917
276 446 345 524 276
416 435 460 505 P.
484 435 641 502 Ournrr
665 435 859 501 NAsonrs

227 573 258 605 ²0
305 561 420 625 Musaque
431 557 462 607 td
473 561 561 607 invitos
572 557 678 606 officiosa
688 561 763 606 venit.

274 635 396 703 Quicquid
406 636 488 696 idest,
506 635 609 701 adjunge
620 638 691 684 meis:
700 635 761 684 nihil
772 631 873 699 impedit
887 645 954 680 ortos

305 712 407 767 Exsule,
419 714 514 761 servatis
523 711 630 776 legibus,
642 710 706 758 Urbe
715 710 778 757 frui„

274 788 348 850 Quod
361 805 452 838 metuas
462 805 512 838 non
522 789 569 837 est:
579 786 669 837 Antoni
680 789 766 852 scripta
779 785 900 850 leguntur:

307 869 398 922 Douus
416 872 440 917 δι
458 870 483 916 in
495 881 592 932 promtu
601 867 686 916 scrinia
696 865 781 913 Brutus
792 863 872 910 haber.

227 957 254 1005 ²5
275 947 327 996 Nec
337 963 376 995 me
388 948 525 995 nominibus
538 944 639 993 furiosus
650 942 749 992 confero
767 944 852 990 tantist
917 959 921 966 ·

287 1062 292 1071 ‚
308 1027 373 1076 szva
383 1025 448 1074 Deos
461 1037 545 1072 contra
558 1039 609 1071 non
620 1031 699 1070 tamen
710 1035 775 1069 arma
785 1018 838 1067 tuli.

275 1103 385 1169 Denique
398 1103 523 1160 Caesatto,
534 1099 602 1166 quod
612 1115 661 1148 non
672 1096 789 1147 desiderat
799 1097 862 1160 ipse,

307 1181 366 1230 Non
375 1195 439 1229 caret
449 1197 461 1228 e
475 1179 558 1228 nostris
569 1177 631 1225 ullus
643 1178 736 1230 honore
745 1175 812 1222 libet.

276 1261 301 1308 Si
310 1257 405 1308 dubitas
415 1255 444 1306 de
456 1274 510 1317 me,
522 1253 604 1304 laudes
618 1253 717 1317 admitte
729 1251 837 1300 Deorum
849 1270 855 1300 t

229 1349 260 1398 30
309 1337 339 1385 Et
353 1352 465 1394 carmen,
478 1334 561 1383 demto
571 1335 670 1382 nornine
680 1365 688 1391 ,
699 1333 764 1378 sume
776 1345 867 1377 meum.

274 1412 379 1478 Adiuvat
391 1415 417 1460 in
432 1412 497 1460 bello
515 1425 604 1475 pacata
618 1425 696 1458 ramus
705 1406 791 1458 olivaet

307 1489 416 1540 Proderit
425 1492 545 1538 sudorem
553 1489 619 1536 Pacis
630 1488 715 1534 habere
725 1483 803 1535 nihili

276 1569 341 1622 Crini
357 1569 421 1618 foret
430 1567 510 1616 AEndae
520 1567 598 1615 cervix
609 1566 711 1628 subjeiia
723 1563 830 1627 parenti.

254 1680 258 1686 ·
308 1648 403 1702 Dicitur
417 1648 466 1711 ipsa
480 1649 533 1694 vito
548 1637 828 1692 flammadediffeviam.
921 1625 958 1642 ⁵

230 1749 256 1792 ,ς
277 1727 331 1775 Fert
343 1726 404 1775 liber
416 1721 554 1780 AEneaden,
567 1726 591 1770 δι
602 1737 651 1770 non
663 1723 707 1768 iter
719 1735 791 1768 omne
799 1716 908 1782 patebit?

311 1806 343 1854 At
357 1806 438 1868 patriae
450 1817 516 1868 pater
525 1802 580 1854 hic,
593 1801 664 1864 ipsius
675 1796 716 1846 ille
728 1796 783 1846 fuit.

277 1883 365 1947 Ecquis
374 1885 408 1930 ita
421 1881 453 1929 est
466 1877 557 1936 audax,
570 1892 597 1926 ut
607 1877 689 1924 limine
700 1889 771 1939 cogat
782 1872 845 1921 abire

309 1961 439 2009 leuantem
456 1955 540 2006 Pharii
551 1955 644 2003 tinnula
655 1953 719 2002 sistra
730 1954 818 1999 manu?

277 2038 337 2087 Ante
344 2036 424 2087 Derim
435 2036 539 2084 Matrem
550 2049 624 2081 cornu
634 2030 722 2080 tibicen
731 2027 824 2094 adunco

227 2115 260 2162 40
309 2112 375 2165 Cum
384 2116 465 2171 canit,
477 2113 567 2176 exignae
576 2112 628 2174 quis
640 2109 702 2174 stipis
713 2123 758 2156 aera
769 2107 856 2170 neget?

277 2193 369 2241 Scimus
379 2191 408 2239 ab
416 2192 517 2254 imperio
529 2186 579 2234 fieti
593 2186 627 2234 nil
639 2185 686 2234 tale
696 2185 797 2232 Dianae:

308 2265 380 2317 Unde
389 2281 468 2316 tamen
478 2269 558 2323 vivat,
569 2267 713 2312 vaticinator
724 2263 804 2311 habet.

275 2349 327 2414 Ipsa
337 2359 435 2396 movent
448 2348 540 2393 animos
558 2345 700 2407 Superorum
715 2341 815 2389 numina
828 2337 938 2396 nostros5

309 2422 388 2488 Turpe
398 2437 441 2469 nec
452 2419 485 2468 est
493 2419 536 2468 tali
543 2416 684 2466 credulitate
697 2417 758 2478 capi.

228 2512 256 2555 45
277 2499 314 2549 En
330 2515 391 2563 ego,
406 2513 450 2563 pto
462 2497 542 2555 sistro,
552 2497 698 2558 Phrygiique
710 2491 827 2540 fotamine
839 2489 913 2549 buxi,

308 2579 392 2627 Gentis
402 2576 474 2626 lultae
489 2577 588 2624 nomina
600 2573 677 2622 saneta
688 2569 748 2618 fero.

275 2659 401 2708 Vaticinor
414 2691 422 2715 ,
438 2669 573 2718 moneoque
585 2651 693 2700 :Locum
706 2646 760 2696 date
771 2648 835 2695 sacra
843 2643 943 2692 ferenti:

308 2735 366 2785 Non
376 2736 452 2791 mihi,
465 2731 504 2780 sed
516 2745 604 2794 magno
613 2729 716 2792 poscitur
726 2724 767 2772 ille
778 2723 841 2770 Deo.

276 2813 329 2863 Nec
339 2815 395 2879 quia
407 2848 415 2872 ,
429 2811 467 2860 vel
480 2808 572 2861 metui,
589 2806 628 2856 vel
638 2807 698 2854 sensi
707 2803 821 2866 Principis
829 2801 907 2858 itam,

229 2910 259 2957 50
307 2891 329 2940 Α
344 2890 413 2938 nobis
430 2889 508 2953 ipsum
519 2883 585 2934 nolle
595 2897 677 2948 putate
688 2881 745 2930 toli.

276 2965 334 3017 Vidi
346 2982 391 3032 ogo
406 2965 610 3029 linigerae'numen
621 2955 843 3010 vioitffefatentem
892 3017 893 3020 Ἴ

307 3043 375 3094 Isidis
388 3079 396 3102 ,
408 3043 495 3092 isiacos
503 3043 562 3090 'tute
573 3037 652 3088 sedete
665 3037 742 3107 focos.

274 3122 362 3183 Alter,
380 3121 412 3169 ob
423 3117 477 3169 h'uie
488 3118 591 3167 similem
606 3120 710 3181 privatus
724 3112 815 3166 lumine
829 3108 945 3175 culpans,
