2334 3917
258 381 536 458 Tttrsr'rutr
567 388 751 480 Lini„
804 397 870 474 169

192 505 296 575 Utraque
306 514 356 575 jam
366 509 451 560 uestras
460 509 533 559 sistite
544 509 612 559 turba
620 513 707 558 minas.
737 556 741 560 ,
889 518 923 557 60

162 585 283 651 Quamque
294 582 362 636 de'dit
377 590 453 636 vitam
463 587 755 647 mussimaCaesarnlra‚
874 578 878 582 ’

192 664 257 713 Hanc
274 667 342 713 sinite
353 665 437 713 infelix
448 668 474 713 in
486 660 607 729 localull'a
616 664 700 713 feram.

163 740 186 788 Si
196 774 203 798 ‚
219 756 291 805 quam
302 744 452 801 commerui,
467 756 562 805 poenam
572 758 612 790 me
622 740 724 807 pendere
733 740 823 798 vultisz

193 816 270 882 Culpa
281 835 334 867 mea
349 820 398 876 est,
419 820 471 883 ipso
482 817 580 883 judice,
593 832 671 867 morte
682 822 771 867 minor.

163 895 256 945 Mittere
268 912 307 945 nae
318 898 410 961 Stygias
425 899 443 944 si
456 898 505 961 jam
516 893 629 964 voluiss'et
638 893 669 944 acl
680 893 756 945 undas
893 928 921 977 ⁶5

195 972 288 1033 Cesar,
304 976 329 1022 in
341 975 386 1023 hot
397 972 472 1023 vestra
486 988 535 1021 non
547 967 647 1037 eguisset
661 988 718 1037 ope.

164 1048 201 1098 Est
210 1050 245 1098 illi
260 1050 334 1100 nostri
344 1066 394 1099 non
404 1048 523 1099 invidiosa
538 1053 630 1098 cruoris

193 1124 271 1190 Copia
282 1145 288 1174 ε
300 1124 413 1193 quodque
423 1124 505 1185 dedit,
519 1125 650 1175 cumvolet
660 1160 669 1186 ,
681 1128 729 1191 ipse
739 1127 811 1177 seret.
879 1124 887 1131 ”

163 1202 212 1253 Vos
221 1202 296 1254 modo
310 1238 317 1263 ‚
330 1218 391 1269 quos
401 1201 463 1253 cert&
473 1202 542 1251 nullo
553 1218 613 1267 puto
622 1206 723 1254 crimine
733 1205 818 1263 hius,

194 1280 417 1341 Consentinostris,
437 1280 488 1341 Di,
497 1296 598 1345 precor,
608 1282 654 1331 elle
664 1282 743 1331 malis.

162 1355 211 1409 Nec
223 1371 302 1405 tannen
315 1392 322 1415 ‚
341 1373 367 1407 ut
382 1359 460 1407 curtili
471 1359 583 1407 miletum
593 1361 683 1409 servare
692 1360 786 1419 velitis,

195 1432 267 1493 Quod
277 1437 363 1498 periit,
376 1434 467 1484 salvum
478 1438 526 1499 jam
538 1450 610 1499 capot
620 1433 666 1485 effe
678 1437 765 1501 potest.
785 1475 789 1479 .

162 1510 198 1560 Ut
211 1527 275 1560 mare
294 1510 421 1571 considat,
431 1515 555 1577 ventisque
567 1512 696 1562 ferentibus
709 1528 780 1572 utar,

194 1588 229 1638 Ut
240 1590 299 1637 mihi
310 1591 428 1653 parcatis,
442 1606 499 1638 oum
508 1592 587 1639 minus
596 1590 660 1639 exsul
671 1607 712 1639 ero
722 1599 731 1643 Ξ

162 1664 220 1716 Non
235 1682 298 1731 ego,
311 1665 404 1715 divitias
416 1664 499 1715 avidus
510 1670 559 1715 sine
570 1665 616 1715 line
628 1666 741 1731 parandi,

193 1745 280 1792 Latum
293 1741 412 1793 mutandis
424 1745 541 1792 mercibus
554 1760 636 1809 aequos
651 1760 693 1793 aro
707 1762 716 1801 3

163 1820 214 1870 Nec
226 1835 300 1885 peto,
312 1836 369 1885 quas
380 1819 504 1886 qnondam
516 1823 591 1885 petii,
609 1820 745 1875 studiosus,
760 1822 877 1872 Athenaei

196 1896 292 1963 Oppida
302 1914 354 1947 non
364 1900 423 1947 Asiae
434 1897 550 1949 nonloca
560 1898 610 1947 visa
619 1897 691 1963 pritls.

892 1320 931 1362 70

894 1710 922 1753 75

84 2010 85 2013 =
163 1975 221 2027 Non
232 1991 276 2037 ut,
289 1972 416 2025 Alexandri
428 1974 515 2025 claram
529 1972 621 2023 delatus
635 1979 660 2025 iu
673 1976 776 2041 urbem',

194 2053 300 2103 Delicias
315 2051 496 2111 videam‚Nile
509 2054 680 2124 jocose,tuas.
709 2079 731 2089 =-
894 2078 926 2126 30

161 2129 237 2192 Quod
247 2130 328 2179 faciles
339 2146 397 2195 opto
409 2145 508 2189 ventos,
521 2132 574 2195 quis
582 2129 678 2180 credere
685 2136 759 2197 possit
771 2140 780 2185 ἓ

194 2209 308 2259 Sarmatis
325 2208 358 2256 est
372 2206 460 2265 tellus,
471 2222 543 2272 quam
555 2224 608 2256 urea
618 2224 675 2259 vote
687 2225 780 2273 petunt.

162 2285 283 2351 obligor,
295 2300 321 2336 ut
332 2300 428 2350 tangam
440 2284 493 2334 laevi
504 2285 553 2333 fera
562 2283 633 2334 litora
644 2286 731 2344 Pontit

196 2360 318 2428 Quodque
329 2365 359 2411 sit
370 2378 382 2409 a
394 2360 470 2427 patriai
479 2378 527 2410 tam
538 2362 595 2426 fuga
605 2360 672 2410 tarda
682 2396 689 2420 ‚
700 2380 796 2428 queror.

160 2438 254 2489 Nescio
264 2456 314 2505 quo
325 2436 419 2489 videam
431 2440 556 2503 positosut
566 2442 593 2487 in
602 2440 661 2487 orbe
672 2440 781 2504 Tomitas
792 2476 802 2502 ,
897 2481 912 2528 3

195 2514 291 2565 Esilem
303 2516 366 2567 facio
375 2532 417 2581 per
428 2531 480 2565 mea
487 2532 543 2566 vota
554 2518 628 2567 viam.
916 2499 925 2539 ς

159 2594 208 2644 Seu
218 2608 258 2643 me
269 2592 381 2659 diligitis,
401 2608 480 2643 tantos
487 2595 631 2658 compescite
641 2592 739 2651 iluilust

196 2672 323 2737 Pronaque
331 2674 379 2720 rint
388 2672 473 2720 nostrae
484 2674 584 2719 numina
594 2670 670 2722 vestra
679 2674 734 2719 rari.

159 2750 208 2799 Seu
221 2746 402 2813 maguntinus,
414 2746 479 2814 jullae
488 2764 526 2796 me
535 2746 651 2796 advertite
662 2762 743 2806 terr23

195 2823 313 2890 supplicii
333 2840 385 2890 pars
400 2826 470 2873 estin
488 2828 584 2889 regione
601 2827 660 2874 mei.

160 2900 246 2959 Ferte,
259 2896 269 2965 (
280 2895 339 2965 quid
349 2901 388 2947 hic
399 2896 479 2947 facio?
491 2896 500 2963 )
513 2894 605 2961 rapidi,
618 2912 672 2946 mea
688 2898 797 2959 carbasa,
806 2907 879 2953 venti.
899 2887 930 2930 9⁰

86 3034 92 3041 Ι
195 2977 318 3027 Ausonios
329 2972 388 3025 fines
399 2990 441 3023 cur
451 2990 505 3024 mea
514 2972 567 3022 vela
577 2970 677 3026 vident?

158 3052 257 3104 Noluit
267 3054 314 3101 hoc
327 3051 409 3103 Caesar
421 3070 426 3101 t
438 3049 511 3117 quid,
526 3066 599 3117 quem
609 3050 676 3117 fugat
687 3051 744 3115 ille,
761 3062 843 3109 tenetis
857 3064 865 3109 ἓ

204 3130 339 3189 Τοπι.ΙΙΙ.
748 3138 774 3188 Η
