2334 3917
291 413 354 495 178
415 409 458 478 Ρ.
489 409 646 476 Ονιυη
668 411 866 478 NAsorsre

318 528 422 583 Grandia
433 533 453 579 si
462 534 540 597 parvis
548 531 684 583 assimulare
695 533 762 593 licet.

285 608 330 656 liei
342 608 409 657 mihil
421 624 471 657 non
479 625 576 674 magnas
585 607 919 675 quodhabentmeacarmina
928 613 1002 673 vires,

240 692 269 736 ³0
318 684 450 751 Nostraque
462 688 615 737 suntmeritis
624 704 667 737 ora
679 692 773 737 minora
783 691 839 737 ruis.

287 763 311 811 Si
322 760 381 827 quid
392 768 416 812 dc
428 766 453 814 in
463 764 532 813 nobis
545 768 593 813 vivi
606 764 652 814 fuit
661 781 715 814 anre
726 768 832 830 vigoris,

317 838 460 890 Exstinflum
471 843 549 907 longis
558 840 650 891 occidit
659 860 731 891 omne
740 843 808 893 malis
821 860 830 901 ς

287 918 367 969 Prima
379 919 460 969 locum
472 923 557 969 sannas
566 921 677 971 heroidas
688 925 749 971 inter
760 925 856 973 haberes
867 942 874 972 e

318 998 397 1047 Prima
405 1000 472 1047 bonis
479 989 552 1047 animi
563 1000 723 1063 conspicerere
737 1004 781 1049 tui.
815 984 818 992 ¹

240 1092 266 1138 55
288 1075 513 1143 Quantumcumque
527 1092 608 1127 tamen
618 1081 737 1141 preconia
746 1078 966 1143 nostravalebunr,

319 1152 472 1205 Carminibus
482 1156 546 1207 vives
559 1170 651 1221 tempus
661 1157 687 1205 in
697 1172 770 1205 omne
779 1159 848 1204 meis.

304 1299 983 1373 ‹mwma

457 1444 710 1509 ELEGIA
750 1444 826 1507 VI.

289 1537 326 1656 S
341 1622 350 1654 1
368 1620 433 1664 Quis
445 1606 516 1655 habes
526 1606 599 1656 nollri
610 1606 699 1657 similes
709 1609 734 1657 in
744 1608 848 1672 imagine
858 1607 961 1667 vulsus,

318 1684 395 1733 Deme
405 1687 464 1734 meis
476 1682 590 1745 hederas,
603 1685 718 1734 Bacchica
728 1686 802 1747 serta,
815 1687 901 1735 cornis.

286 1761 329 1811 Ista
342 1760 426 1811 decent
436 1762 502 1812 laeros
513 1761 593 1811 felicia
605 1766 670 1827 signa
678 1769 759 1829 poe'ras
771 1780 778 1812 r

320 1840 478 1905 Temporibus
489 1840 578 1889 nonest
589 1854 643 1905 apta
653 1856 742 1888 corona
753 1842 822 1889 meis.

256 1916 267 1966 l
288 1916 344 1967 linc
363 1920 405 1967 ribi
418 1916 568 1978 dissimulas,
581 1920 651 1967 sentis
664 1933 743 1967 tamen
751 1953 760 1977 ,
772 1920 863 1983 optime
876 1951 884 1977 ,
900 1915 967 1977 dici,

319 1996 346 2043 lrr
364 1993 441 2060 digito
452 1999 493 2062 qui
504 2013 543 2045 me
554 1996 647 2063 fersque
659 1996 777 2061 refersque
787 2012 838 2045 tuo.

285 2070 442 2139 Effigiemque
453 2090 531 2122 meam
543 2073 611 2123 fulvo
623 2073 760 2139 complexus
770 2076 795 2123 in
807 2089 882 2133 auro,

317 2148 380 2199 Cara
390 2150 501 2217 relegari,
520 2150 568 2219 qui
583 2167 665 2216 potes,
678 2168 719 2201 ora
729 2148 804 2203 vides.

286 2228 344 2289 Quae
354 2232 446 2294 quoties
458 2231 560 2295 speciae,
572 2230 654 2279 subeat
664 2231 706 2279 tibi
718 2227 796 2279 dicere
807 2228 905 2289 forsan,

240 2326 267 2357 ro
317 2304 398 2366 Quam
408 2306 492 2371 procul
504 2323 516 2355 a
527 2307 596 2356 nobis
606 2306 672 2355 Nafo
682 2305 769 2358 sodalis
778 2308 856 2358 abest!

285 2386 358 2435 Grata
369 2400 409 2435 tua
420 2386 452 2434 est
462 2389 534 2451 pietas
544 2403 552 2445 5
564 2383 605 2434 sed
616 2388 720 2434 carmina
728 2390 804 2451 major
814 2390 895 2453 imago

318 2465 377 2513 Sunt
391 2480 444 2513 mea
456 2498 464 2524 ,
480 2479 532 2529 que
544 2460 635 2513 mando
645 2464 827 2531 qualiacumque
837 2463 922 2529 legas,

285 2540 399 2595 Carmina
410 2559 512 2594 muratas
522 2545 649 2592 hominum
659 2541 762 2593 dicentia
773 2543 875 2593 formas:

317 2621 401 2671 Infelix
411 2621 504 2673 domini
513 2619 578 2687 quod
590 2620 648 2686 fuga
657 2623 721 2687 rupit
731 2636 802 2685 opus.

238 2708 264 2759 ¹5
285 2701 341 2750 Hac
357 2716 401 2765 ego
413 2698 548 2758 discedens,
560 2702 622 2747 sicut
632 2700 691 2747 bene
703 2699 779 2748 rnulra
789 2715 917 2755 meorum,

316 2779 367 2845 lpse
378 2778 431 2830 mei
437 2780 505 2843 posui
516 2776 607 2827 maestus
621 2780 646 2825 in
657 2779 711 2840 igne
721 2792 803 2827 manu.

285 2858 367 2922 thue
379 2852 490 2906 cremalfe
502 2856 570 2905 suum
583 2853 707 2905 fermrfub
718 2853 795 2920 stipite
805 2867 889 2903 natum

319 2934 441 2993 Thestias,
455 2938 480 2983 δι
492 2930 578 2982 melior
590 2948 664 2982 matre
673 2928 832 2988 fuiifesornr3

273 3014 324 3067 ,Sic
335 3028 379 3076 ego
389 3027 439 3060 non
451 3012 562 3070 meritos,
579 3026 674 3059 mecum
685 3011 788 3075 peritura
800 3043 807 3065 ,
824 3007 918 3057 libellos

239 3100 269 3133 20
321 3090 426 3155 imposui
440 3088 527 3154 rapidis
538 3122 546 3145 ‚
556 3090 645 3141 viscera
659 3086 738 3141 nostra
746 3121 756 3149 ,
775 3089 847 3155 rogis.
