2334 3917
273 423 318 487 90
391 396 435 465 P.
476 392 632 465 Ovinrr
667 395 863 465 Nasours

218 570 221 575 ,
303 519 389 569 Silvius
400 522 426 567 in
438 519 504 568 Latia
515 534 586 584 gente
595 534 694 568 vocatus
704 535 763 569 etat.

271 598 354 663 isque,
373 598 474 655 Latine,
487 599 530 645 tibi
542 612 609 661 pater
619 598 665 647 est:
675 599 738 646 subit
748 596 810 648 Alba
819 595 931 645 Latinum
941 609 951 652 ς

303 676 427 724 Proximus
438 676 471 723 est
483 674 559 723 titulis
570 675 669 739 Epiros,
684 675 761 735 Alba,
770 678 827 723 tuis.

221 755 250 805 45
271 752 315 802 llle
335 750 403 801 dedit
420 752 499 817 Capyi
514 750 618 801 recidiva
629 752 856 817 vocabulaTroj23

302 830 334 881 Et
352 846 406 880 tuus
420 832 452 879 est
468 829 549 884 idem,
567 830 682 895 Calpete,
697 830 770 879 fassus
780 846 846 879 avus.

270 908 383 974 Cumque
393 912 465 973 patris
476 925 574 973 regnum
586 912 638 972 poll
648 912 712 957 bunc
719 910 846 957 Tiberinus
855 907 968 963 haberet.

302 987 398 1037 Dicitur
410 991 433 1035 in
449 978 547 1035 Thuscae
558 990 651 1051 gurgite
663 988 751 1035 mersus
763 1003 839 1052 aquae.

269 1067 322 1117 iam
331 1081 411 1115 tamen
422 1045 542 1130 Agrippan
549 1067 675 1129 genitum,
688 1064 863 1128 Remulumque
871 1046 988 1129 nepotem

224 1146 255 1191 50
304 1142 419 1193 Viderat:
434 1146 459 1190 in
473 1142 601 1191 Remulum
613 1141 715 1190 fulmina
726 1138 796 1189 missa
806 1140 895 1190 ferunt.

269 1222 344 1271 Venit
360 1220 489 1269 Aventinus
507 1220 558 1284 post
569 1222 629 1268 hos:
642 1219 709 1268 loeus
720 1217 783 1267 unde
794 1232 909 1279 vocatus,

303 1299 375 1347 Mons
387 1314 483 1364 quoque
491 1318 496 1343 r
505 1301 557 1362 poli
566 1298 637 1345 illum
649 1296 736 1347 tradita
747 1313 819 1361 regna
829 1298 918 1346 Prote.

270 1377 350 1437 Quem
360 1378 465 1441 sequitur
477 1374 522 1424 diri
533 1376 648 1424 Numitor
660 1390 786 1439 germanus
797 1373 887 1423 Amuli.

302 1455 410 1503 iliacum
423 1456 498 1502 Lauso
511 1451 540 1502 de
553 1453 683 1502 Numitore
693 1454 746 1500 sati.

225 1539 251 1585 ii
271 1532 331 1581 Ense
342 1530 406 1581 cadit
416 1546 501 1597 patruo
514 1532 601 1580 Lausus
614 1552 619 1579 ι
632 1530 711 1596 placet
722 1529 766 1578 ilia
780 1529 869 1585 Marti;

304 1612 387 1676 Teque
399 1614 480 1674 parit,
496 1612 594 1676 gemino
602 1612 680 1672 lunae
691 1610 791 1669 Quirine
803 1610 889 1658 Remo.

270 1688 314 1737 llle
326 1688 379 1737 suos
396 1690 487 1753 semper
502 1688 620 1737 Venerem
632 1688 785 1752 Martemque
795 1702 905 1753 patentes

303 1766 387 1825 Dixit,
399 1771 424 1816 bt
435 1768 534 1815 emeruit
544 1758 611 1816 vocis
621 1767 707 1815 babere
714 1763 798 1815 iidem.

270 1841 338 1893 Neve
351 1846 451 1894 secuturi
466 1842 559 1910 pollent
573 1846 662 1894 nescire
672 1859 784 1910 nepotes,

224 1930 255 1968 σο
298 1924 418 1988 Tempora
433 1922 477 1972 Dis
490 1928 580 1989 generis
595 1926 735 1974 continuata
745 1921 821 1973 dedit.

271 1998 317 2050 Sed
331 2000 429 2050 Veneris
443 2004 548 2051 mensem
560 2004 635 2067 Grajo
646 2004 754 2051 sermone
764 2014 875 2049 notatum

302 2081 425 2145 Auguror:
438 2098 451 2129 a
465 2082 553 2145 spumis
567 2081 599 2129 eii
610 2081 662 2129 Dea
671 2078 733 2129 dista
742 2080 821 2129 muris.

271 2157 322 2207 Nec
336 2160 380 2207 tibi
389 2162 418 2207 sit
429 2160 516 2207 mirum
526 2160 601 2224 Grajo
610 2176 660 2208 rem
670 2161 770 2208 nomine
779 2156 844 2217 dici3

303 2235 361 2285 Itala
372 2252 427 2285 nam
440 2235 509 2285 tellus
521 2238 614 2287 Graecia
624 2241 700 2303 maior
713 2252 772 2286 erat.

223 2316 250 2370 ὅς
270 2314 373 2364 Venerat
391 2313 500 2364 Evander
511 2316 581 2381 pleni
593 2332 649 2365 cunr
664 2312 734 2365 classe
745 2316 860 2375 suorum,

303 2393 406 2441 Venerat
423 2391 623 2458 AlcidestGrajus
634 2408 732 2458 uterque
744 2409 826 2457 genus.

271 2469 362 2536 Hospes
380 2474 502 2520 Aventinis
513 2487 647 2521 artnentum
659 2474 725 2536 pavit
733 2476 758 2520 in
768 2472 845 2520 herbis

302 2548 432 2615 Claviger3
449 2554 473 2598 bt
486 2564 554 2598 tanto
567 2550 600 2597 est
609 2549 697 2598 Albula
707 2564 765 2614 pota
776 2549 840 2598 Deo.

270 2626 326 2677 Dux
341 2645 437 2694 quoque
447 2628 552 2677 Neritius
565 2647 570 2675 r
583 2627 650 2677 testes
663 2628 823 2691 lestrygones
833 2625 942 2687 exstent,

222 2719 255 2769 70
305 2706 335 2755 Et
345 2706 411 2773 quod
422 2704 499 2755 adhue
512 2704 596 2756 Circes
607 2708 706 2754 nomina
716 2704 772 2753 litus
780 2704 861 2752 habet.

270 2783 300 2833 Er
309 2786 358 2849 jam
374 2784 509 2850 Telegoni,
523 2788 572 2850 jam
583 2786 673 2833 moenia
684 2784 780 2832 Tiburis
794 2779 837 2831 udi

302 2861 412 2911 Stabant:
423 2862 540 2927 Argolica
551 2859 618 2929 quod
629 2863 728 2928 posuere
737 2876 831 2909 manus.

270 2936 374 2987 Venerat
390 2938 484 2987 Atrides
496 2939 551 2989 satis
567 2942 670 3006 agitatus
681 2938 797 2997 Halesum

304 3016 325 3061 A
337 3030 386 3080 quo
397 3017 419 3063 se
431 3014 517 3065 disianr
532 3032 593 3067 terra
605 3016 694 3067 Falisca
705 3032 783 3082 putat.

223 3108 251 3155 75
272 3090 356 3161 Adjice
374 3093 485 3161 Trojane
495 3095 613 3147 suasorem
625 3100 746 3147 Antenora
755 3097 838 3163 ptris,
