<?xml version="1.0" encoding="UTF-8"?>
<!DOCTYPE html PUBLIC "-//W3C//DTD XHTML 1.0 Transitional//EN"
    "http://www.w3.org/TR/xhtml1/DTD/xhtml1-transitional.dtd">
<html xmlns="http://www.w3.org/1999/xhtml" xml:lang="en" lang="en">
 <head>
  <title>
</title>
<meta http-equiv="Content-Type" content="text/html;charset=utf-8" />
  <meta name='ocr-system' content='tesseract 3.04.00' />
  <meta name='ocr-capabilities' content='ocr_page ocr_carea ocr_par ocr_line ocrx_word'/>
</head>
<body>
  <div class='ocr_page' id='page_1' title='image "./povidiinasoniso05ovidgoog_0319.png"; bbox 0 0 2334 3917; ppageno 0'>
   <div class='ocr_carea' id='block_1_1' title="bbox 250 366 863 497">
    <p class='ocr_par' dir='ltr' id='par_1_1' title="bbox 250 366 863 497">
     <span class='ocr_line' id='line_1_1' title="bbox 250 366 863 497; baseline -0.003 -22"><span class='ocrx_word' id='word_1_1' title='bbox 250 408 392 477; x_wconf 72' lang='lat' dir='ltr'>Error.</span> <span class='ocrx_word' id='word_1_2' title='bbox 416 421 473 472; x_wconf 80' lang='lat' dir='ltr'>tx</span> <span class='ocrx_word' id='word_1_3' title='bbox 494 402 648 473; x_wconf 77' lang='lat' dir='ltr'>Pouro</span> <span class='ocrx_word' id='word_1_4' title='bbox 666 405 705 475; x_wconf 74' lang='lat' dir='ltr'>L.</span> <span class='ocrx_word' id='word_1_5' title='bbox 723 366 774 476; x_wconf 72' lang='grc' dir='ltr'>ΙῘ.</span> <span class='ocrx_word' id='word_1_6' title='bbox 801 430 863 497; x_wconf 83' lang='lat'>311</span> 
     </span>
    </p>
   </div>
   <div class='ocr_carea' id='block_1_2' title="bbox 153 523 919 911">
    <p class='ocr_par' dir='ltr' id='par_1_2' title="bbox 153 523 919 911">
     <span class='ocr_line' id='line_1_2' title="bbox 153 523 739 595; baseline -0.002 -17"><span class='ocrx_word' id='word_1_7' title='bbox 153 527 294 595; x_wconf 83' lang='lat' dir='ltr'>optastique</span> <span class='ocrx_word' id='word_1_8' title='bbox 305 529 401 578; x_wconf 81' lang='lat' dir='ltr'>brevem</span> <span class='ocrx_word' id='word_1_9' title='bbox 413 526 471 576; x_wconf 86' lang='lat' dir='ltr'>salvi</span> <span class='ocrx_word' id='word_1_10' title='bbox 482 528 542 575; x_wconf 89' lang='lat' dir='ltr'>mihi</span> <span class='ocrx_word' id='word_1_11' title='bbox 553 523 653 576; x_wconf 80' lang='lat' dir='ltr'>Caesaris</span> <span class='ocrx_word' id='word_1_12' title='bbox 661 530 739 587; x_wconf 69' lang='lat' dir='ltr'>iram,</span> 
     </span>
     <span class='ocr_line' id='line_1_3' title="bbox 189 605 738 671; baseline 0.004 -17"><span class='ocrx_word' id='word_1_13' title='bbox 189 605 262 666; x_wconf 81' lang='lat' dir='ltr'>Quod</span> <span class='ocrx_word' id='word_1_14' title='bbox 273 622 353 656; x_wconf 87' lang='lat' dir='ltr'>tamen</span> <span class='ocrx_word' id='word_1_15' title='bbox 365 606 459 671; x_wconf 89' lang='lat' dir='ltr'>optati,</span> <span class='ocrx_word' id='word_1_16' title='bbox 478 607 496 653; x_wconf 85' lang='lat' dir='ltr'>si</span> <span class='ocrx_word' id='word_1_17' title='bbox 513 605 588 659; x_wconf 84' lang='lat' dir='ltr'>sciat,</span> <span class='ocrx_word' id='word_1_18' title='bbox 605 607 653 670; x_wconf 88' lang='lat' dir='ltr'>ipse</span> <span class='ocrx_word' id='word_1_19' title='bbox 668 609 738 656; x_wconf 85' lang='lat' dir='ltr'>sinat.</span> 
     </span>
     <span class='ocr_line' id='line_1_4' title="bbox 156 681 740 734; baseline 0.002 -2"><span class='ocrx_word' id='word_1_20' title='bbox 156 682 266 733; x_wconf 87' lang='lat' dir='ltr'>Moribus</span> <span class='ocrx_word' id='word_1_21' title='bbox 281 684 323 732; x_wconf 89' lang='lat' dir='ltr'>ista</span> <span class='ocrx_word' id='word_1_22' title='bbox 340 686 386 731; x_wconf 84' lang='lat' dir='ltr'>tuis</span> <span class='ocrx_word' id='word_1_23' title='bbox 405 697 454 731; x_wconf 87' lang='lat' dir='ltr'>tam</span> <span class='ocrx_word' id='word_1_24' title='bbox 468 684 538 731; x_wconf 86' lang='lat' dir='ltr'>mitia</span> <span class='ocrx_word' id='word_1_25' title='bbox 555 698 613 731; x_wconf 86' lang='lat' dir='ltr'>vota</span> <span class='ocrx_word' id='word_1_26' title='bbox 631 681 715 732; x_wconf 89' lang='lat' dir='ltr'>dedisti</span> <span class='ocrx_word' id='word_1_27' title='bbox 732 703 740 734; x_wconf 80' lang='lat' dir='ltr'>a</span> 
     </span>
     <span class='ocr_line' id='line_1_5' title="bbox 191 758 718 824; baseline 0 -14"><span class='ocrx_word' id='word_1_28' title='bbox 191 760 243 810; x_wconf 87' lang='lat' dir='ltr'>Nec</span> <span class='ocrx_word' id='word_1_29' title='bbox 257 768 336 810; x_wconf 83' lang='lat' dir='ltr'>minut</span> <span class='ocrx_word' id='word_1_30' title='bbox 349 758 441 809; x_wconf 90' lang='lat' dir='ltr'>idcirco</span> <span class='ocrx_word' id='word_1_31' title='bbox 456 761 510 808; x_wconf 90' lang='lat' dir='ltr'>sunt</span> <span class='ocrx_word' id='word_1_32' title='bbox 528 776 555 808; x_wconf 86' lang='lat' dir='ltr'>ea</span> <span class='ocrx_word' id='word_1_33' title='bbox 570 774 638 824; x_wconf 85' lang='lat' dir='ltr'>grata</span> <span class='ocrx_word' id='word_1_34' title='bbox 648 763 718 811; x_wconf 84' lang='lat' dir='ltr'>mihi.</span> 
     </span>
     <span class='ocr_line' id='line_1_6' title="bbox 158 836 919 911; baseline 0.007 -25"><span class='ocrx_word' id='word_1_35' title='bbox 158 838 263 904; x_wconf 88' lang='lat' dir='ltr'>Quoque</span> <span class='ocrx_word' id='word_1_36' title='bbox 283 840 358 903; x_wconf 83' lang='lat' dir='ltr'>magis</span> <span class='ocrx_word' id='word_1_37' title='bbox 377 851 488 887; x_wconf 77' lang='lat' dir='ltr'>moveare</span> <span class='ocrx_word' id='word_1_38' title='bbox 505 837 595 898; x_wconf 88' lang='lat' dir='ltr'>malis,</span> <span class='ocrx_word' id='word_1_39' title='bbox 612 836 763 902; x_wconf 62' lang='lat' dir='ltr'>dodissime,</span> <span class='ocrx_word' id='word_1_40' title='bbox 774 842 870 903; x_wconf 83' lang='lat' dir='ltr'>nostris,</span> <span class='ocrx_word' id='word_1_41' title='bbox 893 865 919 911; x_wconf 76' lang='grc' dir='ltr'>ις</span> 
     </span>
    </p>
   </div>
   <div class='ocr_carea' id='block_1_3' title="bbox 192 913 664 983">
    <p class='ocr_par' dir='ltr' id='par_1_3' title="bbox 192 913 664 983">
     <span class='ocr_line' id='line_1_7' title="bbox 192 913 664 983; baseline 0.002 -19"><span class='ocrx_word' id='word_1_42' title='bbox 192 915 316 983; x_wconf 66' lang='lat' dir='ltr'>Credibile</span> <span class='ocrx_word' id='word_1_43' title='bbox 333 915 365 964; x_wconf 82' lang='lat' dir='ltr'>est</span> <span class='ocrx_word' id='word_1_44' title='bbox 382 913 432 964; x_wconf 80' lang='lat' dir='ltr'>fieri</span> <span class='ocrx_word' id='word_1_45' title='bbox 449 914 589 965; x_wconf 89' lang='lat' dir='ltr'>conditione</span> <span class='ocrx_word' id='word_1_46' title='bbox 607 916 664 965; x_wconf 88' lang='lat' dir='ltr'>loci.</span> 
     </span>
    </p>
   </div>
   <div class='ocr_carea' id='block_1_4' title="bbox 78 990 841 1059">
    <p class='ocr_par' dir='ltr' id='par_1_4' title="bbox 78 990 841 1059">
     <span class='ocr_line' id='line_1_8' title="bbox 78 990 841 1059; baseline 0 -15"><span class='ocrx_word' id='word_1_47' title='bbox 78 990 83 1003; x_wconf 75' lang='lat'><strong><em>‘</em></strong></span> <span class='ocrx_word' id='word_1_48' title='bbox 159 996 206 1045; x_wconf 87' lang='lat' dir='ltr'>Vix</span> <span class='ocrx_word' id='word_1_49' title='bbox 222 998 265 1043; x_wconf 83' lang='lat' dir='ltr'>hat</span> <span class='ocrx_word' id='word_1_50' title='bbox 279 996 383 1042; x_wconf 79' lang='lat' dir='ltr'>invenias</span> <span class='ocrx_word' id='word_1_51' title='bbox 397 1007 495 1053; x_wconf 87' lang='lat' dir='ltr'>totum,</span> <span class='ocrx_word' id='word_1_52' title='bbox 511 996 570 1042; x_wconf 87' lang='lat' dir='ltr'>mihi</span> <span class='ocrx_word' id='word_1_53' title='bbox 581 992 667 1054; x_wconf 91' lang='lat' dir='ltr'>crede,</span> <span class='ocrx_word' id='word_1_54' title='bbox 684 1011 725 1059; x_wconf 91' lang='lat' dir='ltr'>per</span> <span class='ocrx_word' id='word_1_55' title='bbox 740 996 841 1057; x_wconf 91' lang='lat' dir='ltr'>orbem,</span> 
     </span>
    </p>
   </div>
   <div class='ocr_carea' id='block_1_5' title="bbox 157 1070 838 1765">
    <p class='ocr_par' dir='ltr' id='par_1_5' title="bbox 157 1070 838 1765">
     <span class='ocr_line' id='line_1_9' title="bbox 191 1070 799 1136; baseline 0 -15"><span class='ocrx_word' id='word_1_56' title='bbox 191 1074 250 1134; x_wconf 78' lang='lat' dir='ltr'>Quae</span> <span class='ocrx_word' id='word_1_57' title='bbox 268 1073 345 1121; x_wconf 88' lang='lat' dir='ltr'>minus</span> <span class='ocrx_word' id='word_1_58' title='bbox 364 1070 467 1136; x_wconf 68' lang='lat' dir='ltr'>Augusta</span> <span class='ocrx_word' id='word_1_59' title='bbox 482 1072 542 1120; x_wconf 87' lang='lat' dir='ltr'>Pace</span> <span class='ocrx_word' id='word_1_60' title='bbox 561 1071 670 1130; x_wconf 86' lang='lat' dir='ltr'>fruatur,</span> <span class='ocrx_word' id='word_1_61' title='bbox 689 1075 799 1121; x_wconf 89' lang='lat' dir='ltr'>humum.</span> 
     </span>
     <span class='ocr_line' id='line_1_10' title="bbox 157 1149 803 1213; baseline -0.003 -12"><span class='ocrx_word' id='word_1_62' title='bbox 157 1152 195 1201; x_wconf 90' lang='lat' dir='ltr'>Tu</span> <span class='ocrx_word' id='word_1_63' title='bbox 211 1167 292 1201; x_wconf 90' lang='lat' dir='ltr'>tamen</span> <span class='ocrx_word' id='word_1_64' title='bbox 306 1150 346 1199; x_wconf 86' lang='lat' dir='ltr'>hic</span> <span class='ocrx_word' id='word_1_65' title='bbox 362 1150 459 1199; x_wconf 67' lang='lat' dir='ltr'>strudioa</span> <span class='ocrx_word' id='word_1_66' title='bbox 477 1152 538 1198; x_wconf 85' lang='lat' dir='ltr'>inter</span> <span class='ocrx_word' id='word_1_67' title='bbox 554 1149 604 1198; x_wconf 86' lang='lat' dir='ltr'>fera</span> <span class='ocrx_word' id='word_1_68' title='bbox 622 1149 707 1213; x_wconf 83' lang='lat' dir='ltr'>proelia</span> <span class='ocrx_word' id='word_1_69' title='bbox 724 1153 803 1201; x_wconf 82' lang='lat' dir='ltr'>versus</span> 
     </span>
     <span class='ocr_line' id='line_1_11' title="bbox 198 1226 703 1293; baseline 0 -16"><span class='ocrx_word' id='word_1_70' title='bbox 198 1230 229 1277; x_wconf 85' lang='lat' dir='ltr'>Er</span> <span class='ocrx_word' id='word_1_71' title='bbox 239 1229 296 1293; x_wconf 82' lang='lat' dir='ltr'>legis</span> <span class='ocrx_word' id='word_1_72' title='bbox 306 1262 314 1287; x_wconf 92' lang='lat'>,</span> <span class='ocrx_word' id='word_1_73' title='bbox 326 1232 351 1276; x_wconf 87' lang='lat'>&amp;</span> <span class='ocrx_word' id='word_1_74' title='bbox 366 1228 438 1276; x_wconf 61' lang='lat' dir='ltr'>ledros</span> <span class='ocrx_word' id='word_1_75' title='bbox 450 1243 490 1275; x_wconf 92' lang='lat' dir='ltr'>ore</span> <span class='ocrx_word' id='word_1_76' title='bbox 503 1226 598 1276; x_wconf 88' lang='lat' dir='ltr'>favente</span> <span class='ocrx_word' id='word_1_77' title='bbox 607 1229 703 1293; x_wconf 82' lang='lat' dir='ltr'>probat.</span> 
     </span>
     <span class='ocr_line' id='line_1_12' title="bbox 161 1303 769 1372; baseline -0.005 -14"><span class='ocrx_word' id='word_1_78' title='bbox 161 1308 309 1371; x_wconf 75' lang='lat' dir='ltr'>ingenioque</span> <span class='ocrx_word' id='word_1_79' title='bbox 320 1322 391 1365; x_wconf 91' lang='lat' dir='ltr'>meo,</span> <span class='ocrx_word' id='word_1_80' title='bbox 404 1304 466 1355; x_wconf 72' lang='lat' dir='ltr'>veni</span> <span class='ocrx_word' id='word_1_81' title='bbox 479 1303 545 1371; x_wconf 89' lang='lat' dir='ltr'>quod</span> <span class='ocrx_word' id='word_1_82' title='bbox 559 1322 661 1372; x_wconf 85' lang='lat' dir='ltr'>paupere</span> <span class='ocrx_word' id='word_1_83' title='bbox 674 1320 769 1368; x_wconf 86' lang='lat' dir='ltr'>manat,</span> 
     </span>
     <span class='ocr_line' id='line_1_13' title="bbox 196 1381 708 1448; baseline 0.002 -15"><span class='ocrx_word' id='word_1_84' title='bbox 196 1382 309 1443; x_wconf 89' lang='lat' dir='ltr'>Plaudis,</span> <span class='ocrx_word' id='word_1_85' title='bbox 320 1388 344 1433; x_wconf 74' lang='grc' dir='ltr'>δι</span> <span class='ocrx_word' id='word_1_86' title='bbox 353 1400 365 1433; x_wconf 90' lang='lat' dir='ltr'>e</span> <span class='ocrx_word' id='word_1_87' title='bbox 373 1386 425 1433; x_wconf 86' lang='lat' dir='ltr'>ritu</span> <span class='ocrx_word' id='word_1_88' title='bbox 435 1381 535 1432; x_wconf 86' lang='lat' dir='ltr'>flumina</span> <span class='ocrx_word' id='word_1_89' title='bbox 545 1398 631 1448; x_wconf 87' lang='lat' dir='ltr'>magna</span> <span class='ocrx_word' id='word_1_90' title='bbox 641 1383 708 1434; x_wconf 79' lang='lat' dir='ltr'>facit.</span> 
     </span>
     <span class='ocr_line' id='line_1_14' title="bbox 163 1459 838 1529; baseline -0.001 -15"><span class='ocrx_word' id='word_1_91' title='bbox 163 1464 239 1515; x_wconf 86' lang='lat' dir='ltr'>Grata</span> <span class='ocrx_word' id='word_1_92' title='bbox 249 1460 347 1529; x_wconf 85' lang='lat' dir='ltr'>quidem</span> <span class='ocrx_word' id='word_1_93' title='bbox 359 1464 413 1511; x_wconf 88' lang='lat' dir='ltr'>sunt</span> <span class='ocrx_word' id='word_1_94' title='bbox 424 1463 474 1509; x_wconf 81' lang='lat' dir='ltr'>haec</span> <span class='ocrx_word' id='word_1_95' title='bbox 485 1463 566 1509; x_wconf 88' lang='lat' dir='ltr'>animo</span> <span class='ocrx_word' id='word_1_96' title='bbox 577 1459 688 1527; x_wconf 84' lang='lat' dir='ltr'>suffragia</span> <span class='ocrx_word' id='word_1_97' title='bbox 697 1461 790 1522; x_wconf 79' lang='lat' dir='ltr'>nostr03</span> <span class='ocrx_word' id='word_1_98' title='bbox 834 1496 838 1500; x_wconf 50' lang='lat'>‚</span> 
     </span>
     <span class='ocr_line' id='line_1_15' title="bbox 196 1534 738 1604; baseline -0.006 -13"><span class='ocrx_word' id='word_1_99' title='bbox 196 1541 245 1591; x_wconf 81' lang='lat' dir='ltr'>Vix</span> <span class='ocrx_word' id='word_1_100' title='bbox 255 1542 299 1589; x_wconf 86' lang='lat' dir='ltr'>sibi</span> <span class='ocrx_word' id='word_1_101' title='bbox 310 1540 364 1590; x_wconf 86' lang='lat' dir='ltr'>crim</span> <span class='ocrx_word' id='word_1_102' title='bbox 373 1540 472 1589; x_wconf 84' lang='lat' dir='ltr'>miseros</span> <span class='ocrx_word' id='word_1_103' title='bbox 483 1534 548 1603; x_wconf 76' lang='lat' dir='ltr'>porse</span> <span class='ocrx_word' id='word_1_104' title='bbox 559 1537 652 1603; x_wconf 87' lang='lat' dir='ltr'>placete</span> <span class='ocrx_word' id='word_1_105' title='bbox 663 1554 738 1604; x_wconf 83' lang='lat' dir='ltr'>putet.</span> 
     </span>
     <span class='ocr_line' id='line_1_16' title="bbox 164 1614 784 1683; baseline -0.002 -15"><span class='ocrx_word' id='word_1_106' title='bbox 164 1614 232 1670; x_wconf 85' lang='lat' dir='ltr'>Dum</span> <span class='ocrx_word' id='word_1_107' title='bbox 244 1620 359 1668; x_wconf 88' lang='lat' dir='ltr'>tamenin</span> <span class='ocrx_word' id='word_1_108' title='bbox 371 1618 439 1666; x_wconf 80' lang='lat' dir='ltr'>rebus</span> <span class='ocrx_word' id='word_1_109' title='bbox 451 1629 569 1665; x_wconf 78' lang='lat' dir='ltr'>tentamus</span> <span class='ocrx_word' id='word_1_110' title='bbox 580 1619 685 1667; x_wconf 87' lang='lat' dir='ltr'>carmina</span> <span class='ocrx_word' id='word_1_111' title='bbox 695 1622 784 1683; x_wconf 82' lang='lat' dir='ltr'>parvis,</span> 
     </span>
     <span class='ocr_line' id='line_1_17' title="bbox 197 1692 643 1765; baseline -0.007 -19"><span class='ocrx_word' id='word_1_112' title='bbox 197 1698 306 1765; x_wconf 66' lang='lat' dir='ltr'>Materiae</span> <span class='ocrx_word' id='word_1_113' title='bbox 318 1694 401 1761; x_wconf 84' lang='lat' dir='ltr'>gracili</span> <span class='ocrx_word' id='word_1_114' title='bbox 412 1692 498 1743; x_wconf 88' lang='lat' dir='ltr'>sufficit</span> <span class='ocrx_word' id='word_1_115' title='bbox 508 1696 643 1759; x_wconf 82' lang='lat' dir='ltr'><strong>ingenium.</strong></span> 
     </span>
    </p>
   </div>
   <div class='ocr_carea' id='block_1_6' title="bbox 78 1770 792 1845">
    <p class='ocr_par' dir='ltr' id='par_1_6' title="bbox 78 1770 792 1845">
     <span class='ocr_line' id='line_1_18' title="bbox 78 1770 792 1845; baseline -0.006 -20"><span class='ocrx_word' id='word_1_116' title='bbox 78 1786 79 1845; x_wconf 64' lang='lat' dir='ltr'>j</span> <span class='ocrx_word' id='word_1_117' title='bbox 165 1774 263 1839; x_wconf 87' lang='lat' dir='ltr'>Nuper,</span> <span class='ocrx_word' id='word_1_118' title='bbox 276 1789 302 1823; x_wconf 89' lang='lat' dir='ltr'>ut</span> <span class='ocrx_word' id='word_1_119' title='bbox 312 1776 358 1822; x_wconf 90' lang='lat' dir='ltr'>huc</span> <span class='ocrx_word' id='word_1_120' title='bbox 369 1774 450 1837; x_wconf 84' lang='lat' dir='ltr'>magni</span> <span class='ocrx_word' id='word_1_121' title='bbox 461 1770 567 1836; x_wconf 65' lang='lat' dir='ltr'>pervinit</span> <span class='ocrx_word' id='word_1_122' title='bbox 577 1772 649 1821; x_wconf 85' lang='lat' dir='ltr'>Fama</span> <span class='ocrx_word' id='word_1_123' title='bbox 662 1775 792 1838; x_wconf 87' lang='lat' dir='ltr'>triumphi,</span> 
     </span>
    </p>
   </div>
   <div class='ocr_carea' id='block_1_7' title="bbox 200 1850 695 1918">
    <p class='ocr_par' dir='ltr' id='par_1_7' title="bbox 200 1850 695 1918">
     <span class='ocr_line' id='line_1_19' title="bbox 200 1850 695 1918; baseline -0.002 -17"><span class='ocrx_word' id='word_1_124' title='bbox 200 1855 274 1902; x_wconf 79' lang='lat' dir='ltr'>Ausus</span> <span class='ocrx_word' id='word_1_125' title='bbox 284 1855 335 1902; x_wconf 92' lang='lat' dir='ltr'>sum</span> <span class='ocrx_word' id='word_1_126' title='bbox 347 1867 419 1902; x_wconf 81' lang='lat' dir='ltr'>tantae</span> <span class='ocrx_word' id='word_1_127' title='bbox 433 1853 524 1900; x_wconf 88' lang='lat' dir='ltr'>sumere</span> <span class='ocrx_word' id='word_1_128' title='bbox 538 1850 613 1901; x_wconf 86' lang='lat' dir='ltr'>molis</span> <span class='ocrx_word' id='word_1_129' title='bbox 626 1866 695 1918; x_wconf 80' lang='lat' dir='ltr'>opus.</span> 
     </span>
    </p>
   </div>
   <div class='ocr_carea' id='block_1_8' title="bbox 168 1932 787 2077">
    <p class='ocr_par' dir='ltr' id='par_1_8' title="bbox 168 1932 787 2077">
     <span class='ocr_line' id='line_1_20' title="bbox 168 1932 787 2000; baseline 0.008 -21"><span class='ocrx_word' id='word_1_130' title='bbox 168 1932 257 1982; x_wconf 81' lang='lat' dir='ltr'>Obruit</span> <span class='ocrx_word' id='word_1_131' title='bbox 267 1932 395 1983; x_wconf 81' lang='lat' dir='ltr'>audentem</span> <span class='ocrx_word' id='word_1_132' title='bbox 406 1948 486 1981; x_wconf 90' lang='lat' dir='ltr'>rerum</span> <span class='ocrx_word' id='word_1_133' title='bbox 498 1935 648 1998; x_wconf 82' lang='lat' dir='ltr'>gravitasque</span> <span class='ocrx_word' id='word_1_134' title='bbox 658 1936 770 2000; x_wconf 88' lang='lat' dir='ltr'>nitorque</span> <span class='ocrx_word' id='word_1_135' title='bbox 781 1953 787 1983; x_wconf 80' lang='grc' dir='ltr'><strong><em>ι</em></strong></span> 
     </span>
     <span class='ocr_line' id='line_1_21' title="bbox 201 2008 676 2077; baseline 0.002 -18"><span class='ocrx_word' id='word_1_136' title='bbox 201 2011 253 2060; x_wconf 89' lang='lat' dir='ltr'>Nec</span> <span class='ocrx_word' id='word_1_137' title='bbox 264 2014 331 2077; x_wconf 92' lang='lat' dir='ltr'>potui</span> <span class='ocrx_word' id='word_1_138' title='bbox 344 2014 418 2077; x_wconf 80' lang='lat' dir='ltr'>ccepti</span> <span class='ocrx_word' id='word_1_139' title='bbox 429 2008 536 2077; x_wconf 84' lang='lat' dir='ltr'>pondera</span> <span class='ocrx_word' id='word_1_140' title='bbox 547 2010 607 2060; x_wconf 84' lang='lat' dir='ltr'>ferte</span> <span class='ocrx_word' id='word_1_141' title='bbox 618 2013 676 2060; x_wconf 84' lang='lat' dir='ltr'>mei.</span> 
     </span>
    </p>
   </div>
   <div class='ocr_carea' id='block_1_9' title="bbox 81 2087 759 2161">
    <p class='ocr_par' dir='ltr' id='par_1_9' title="bbox 81 2087 759 2161">
     <span class='ocr_line' id='line_1_22' title="bbox 81 2087 759 2161; baseline 0.003 -22"><span class='ocrx_word' id='word_1_142' title='bbox 81 2152 82 2161; x_wconf 11' lang='grc' dir='ltr'>ἵ</span> <span class='ocrx_word' id='word_1_143' title='bbox 168 2089 222 2139; x_wconf 83' lang='lat' dir='ltr'>Illic</span> <span class='ocrx_word' id='word_1_144' title='bbox 242 2106 314 2155; x_wconf 89' lang='lat' dir='ltr'>quam</span> <span class='ocrx_word' id='word_1_145' title='bbox 333 2088 432 2149; x_wconf 81' lang='lat' dir='ltr'>laudes,</span> <span class='ocrx_word' id='word_1_146' title='bbox 451 2092 495 2139; x_wconf 90' lang='lat' dir='ltr'>etit</span> <span class='ocrx_word' id='word_1_147' title='bbox 508 2087 615 2140; x_wconf 83' lang='lat' dir='ltr'>officiosa</span> <span class='ocrx_word' id='word_1_148' title='bbox 630 2089 759 2152; x_wconf 69' lang='lat' dir='ltr'>voiuntasa</span> 
     </span>
    </p>
   </div>
   <div class='ocr_carea' id='block_1_10' title="bbox 203 2165 633 2234">
    <p class='ocr_par' dir='ltr' id='par_1_10' title="bbox 203 2165 633 2234">
     <span class='ocr_line' id='line_1_23' title="bbox 203 2165 633 2234; baseline 0.002 -17"><span class='ocrx_word' id='word_1_149' title='bbox 203 2167 290 2217; x_wconf 86' lang='lat' dir='ltr'>Cetera</span> <span class='ocrx_word' id='word_1_150' title='bbox 301 2168 401 2218; x_wconf 71' lang='lat' dir='ltr'>materii</span> <span class='ocrx_word' id='word_1_151' title='bbox 411 2165 535 2217; x_wconf 83' lang='lat' dir='ltr'>debilitata</span> <span class='ocrx_word' id='word_1_152' title='bbox 545 2171 633 2234; x_wconf 84' lang='lat' dir='ltr'>jacent.</span> 
     </span>
    </p>
   </div>
   <div class='ocr_carea' id='block_1_11' title="bbox 170 2242 793 2373">
    <p class='ocr_par' dir='ltr' id='par_1_11' title="bbox 170 2242 793 2373">
     <span class='ocr_line' id='line_1_24' title="bbox 170 2242 793 2311; baseline 0.013 -21"><span class='ocrx_word' id='word_1_153' title='bbox 170 2242 279 2304; x_wconf 84' lang='lat' dir='ltr'>Quodsi</span> <span class='ocrx_word' id='word_1_154' title='bbox 294 2244 355 2293; x_wconf 76' lang='lat' dir='ltr'>fortd</span> <span class='ocrx_word' id='word_1_155' title='bbox 372 2245 431 2293; x_wconf 88' lang='lat' dir='ltr'>liber</span> <span class='ocrx_word' id='word_1_156' title='bbox 441 2245 526 2295; x_wconf 83' lang='lat' dir='ltr'>vestras</span> <span class='ocrx_word' id='word_1_157' title='bbox 540 2247 648 2311; x_wconf 70' lang='lat' dir='ltr'>pervenit</span> <span class='ocrx_word' id='word_1_158' title='bbox 662 2246 694 2297; x_wconf 87' lang='lat' dir='ltr'>ad</span> <span class='ocrx_word' id='word_1_159' title='bbox 707 2264 793 2308; x_wconf 88' lang='lat' dir='ltr'>autes,</span> 
     </span>
     <span class='ocr_line' id='line_1_25' title="bbox 205 2319 656 2373; baseline 0.013 -6"><span class='ocrx_word' id='word_1_160' title='bbox 205 2320 318 2368; x_wconf 87' lang='lat' dir='ltr'>Tutelam</span> <span class='ocrx_word' id='word_1_161' title='bbox 330 2319 418 2371; x_wconf 83' lang='lat' dir='ltr'>mando</span> <span class='ocrx_word' id='word_1_162' title='bbox 429 2324 514 2372; x_wconf 86' lang='lat' dir='ltr'>sentiat</span> <span class='ocrx_word' id='word_1_163' title='bbox 525 2323 566 2372; x_wconf 90' lang='lat' dir='ltr'>ille</span> <span class='ocrx_word' id='word_1_164' title='bbox 579 2338 656 2373; x_wconf 87' lang='lat' dir='ltr'>tuam.</span> 
     </span>
    </p>
   </div>
   <div class='ocr_carea' id='block_1_12' title="bbox 85 2396 740 2463">
    <p class='ocr_par' dir='ltr' id='par_1_12' title="bbox 85 2396 740 2463">
     <span class='ocr_line' id='line_1_26' title="bbox 85 2396 740 2463; baseline 0.005 -17"><span class='ocrx_word' id='word_1_165' title='bbox 85 2404 86 2427; x_wconf 63' lang='lat'>¹</span> <span class='ocrx_word' id='word_1_166' title='bbox 173 2397 228 2447; x_wconf 86' lang='lat' dir='ltr'>Hoc</span> <span class='ocrx_word' id='word_1_167' title='bbox 239 2396 282 2443; x_wconf 93' lang='lat' dir='ltr'>tibi</span> <span class='ocrx_word' id='word_1_168' title='bbox 295 2396 384 2444; x_wconf 61' lang='lat' dir='ltr'>facturo</span> <span class='ocrx_word' id='word_1_169' title='bbox 395 2430 402 2455; x_wconf 95' lang='lat'>,</span> <span class='ocrx_word' id='word_1_170' title='bbox 414 2397 452 2446; x_wconf 80' lang='lat' dir='ltr'>vel</span> <span class='ocrx_word' id='word_1_171' title='bbox 465 2401 543 2446; x_wconf 86' lang='lat' dir='ltr'>sinon</span> <span class='ocrx_word' id='word_1_172' title='bbox 555 2401 604 2462; x_wconf 88' lang='lat' dir='ltr'>ipse</span> <span class='ocrx_word' id='word_1_173' title='bbox 616 2416 740 2463; x_wconf 83' lang='lat' dir='ltr'>rogarem,</span> 
     </span>
    </p>
   </div>
   <div class='ocr_carea' id='block_1_13' title="bbox 174 2470 941 3167">
    <p class='ocr_par' dir='ltr' id='par_1_13' title="bbox 174 2470 941 3167">
     <span class='ocr_line' id='line_1_27' title="bbox 208 2470 900 2543; baseline 0.004 -21"><span class='ocrx_word' id='word_1_174' title='bbox 208 2470 313 2522; x_wconf 79' lang='lat' dir='ltr'>Accedat</span> <span class='ocrx_word' id='word_1_175' title='bbox 324 2472 432 2520; x_wconf 82' lang='lat' dir='ltr'>cumulus</span> <span class='ocrx_word' id='word_1_176' title='bbox 443 2475 517 2537; x_wconf 79' lang='lat' dir='ltr'>gratia</span> <span class='ocrx_word' id='word_1_177' title='bbox 528 2473 606 2523; x_wconf 87' lang='lat' dir='ltr'>nostra</span> <span class='ocrx_word' id='word_1_178' title='bbox 618 2475 683 2524; x_wconf 87' lang='lat' dir='ltr'>levis.</span> <span class='ocrx_word' id='word_1_179' title='bbox 897 2538 900 2543; x_wconf 26' lang='grc' dir='ltr'>Ι</span> 
     </span>
     <span class='ocr_line' id='line_1_28' title="bbox 174 2547 808 2625; baseline 0.003 -23"><span class='ocrx_word' id='word_1_180' title='bbox 174 2552 234 2603; x_wconf 89' lang='lat' dir='ltr'>Non</span> <span class='ocrx_word' id='word_1_181' title='bbox 247 2567 292 2616; x_wconf 77' lang='lat' dir='ltr'>ego</span> <span class='ocrx_word' id='word_1_182' title='bbox 308 2547 453 2603; x_wconf 82' lang='lat' dir='ltr'>laudandus,</span> <span class='ocrx_word' id='word_1_183' title='bbox 465 2548 505 2625; x_wconf 63' lang='lat' dir='ltr'>fed</span> <span class='ocrx_word' id='word_1_184' title='bbox 514 2551 568 2599; x_wconf 90' lang='lat' dir='ltr'>sunt</span> <span class='ocrx_word' id='word_1_185' title='bbox 579 2566 620 2601; x_wconf 92' lang='lat' dir='ltr'>tua</span> <span class='ocrx_word' id='word_1_186' title='bbox 630 2556 724 2618; x_wconf 64' lang='lat' dir='ltr'>peeiota</span> <span class='ocrx_word' id='word_1_187' title='bbox 735 2555 808 2610; x_wconf 73' lang='lat' dir='ltr'>laste,</span> 
     </span>
     <span class='ocr_line' id='line_1_29' title="bbox 209 2625 662 2688; baseline 0.002 -9"><span class='ocrx_word' id='word_1_188' title='bbox 209 2631 240 2679; x_wconf 89' lang='lat' dir='ltr'>Et</span> <span class='ocrx_word' id='word_1_189' title='bbox 250 2647 299 2679; x_wconf 90' lang='lat' dir='ltr'>non</span> <span class='ocrx_word' id='word_1_190' title='bbox 310 2627 418 2688; x_wconf 75' lang='lat' dir='ltr'>calcata,</span> <span class='ocrx_word' id='word_1_191' title='bbox 431 2625 586 2688; x_wconf 77' lang='lat' dir='ltr'>candidiora,</span> <span class='ocrx_word' id='word_1_192' title='bbox 598 2633 662 2680; x_wconf 79' lang='lat' dir='ltr'>nive.</span> 
     </span>
     <span class='ocr_line' id='line_1_30' title="bbox 175 2706 721 2774; baseline -0.004 -14"><span class='ocrx_word' id='word_1_193' title='bbox 175 2710 319 2774; x_wconf 82' lang='lat' dir='ltr'>Mirarisque</span> <span class='ocrx_word' id='word_1_194' title='bbox 330 2706 390 2758; x_wconf 89' lang='lat' dir='ltr'>alios</span> <span class='ocrx_word' id='word_1_195' title='bbox 400 2742 408 2767; x_wconf 93' lang='lat'>,</span> <span class='ocrx_word' id='word_1_196' title='bbox 420 2706 475 2755; x_wconf 82' lang='lat' dir='ltr'>crim</span> <span class='ocrx_word' id='word_1_197' title='bbox 486 2709 517 2754; x_wconf 86' lang='lat' dir='ltr'>sis</span> <span class='ocrx_word' id='word_1_198' title='bbox 528 2708 643 2757; x_wconf 82' lang='lat' dir='ltr'>mirabilis</span> <span class='ocrx_word' id='word_1_199' title='bbox 655 2711 721 2773; x_wconf 85' lang='lat' dir='ltr'>ipse,</span> 
     </span>
     <span class='ocr_line' id='line_1_31' title="bbox 209 2783 941 2850; baseline -0.007 -12"><span class='ocrx_word' id='word_1_200' title='bbox 209 2788 261 2838; x_wconf 88' lang='lat' dir='ltr'>Nec</span> <span class='ocrx_word' id='word_1_201' title='bbox 272 2787 361 2837; x_wconf 82' lang='lat' dir='ltr'>lateant</span> <span class='ocrx_word' id='word_1_202' title='bbox 373 2799 433 2833; x_wconf 87' lang='lat' dir='ltr'>artes</span> <span class='ocrx_word' id='word_1_203' title='bbox 444 2783 616 2850; x_wconf 88' lang='lat' dir='ltr'>eloquiumque</span> <span class='ocrx_word' id='word_1_204' title='bbox 628 2800 705 2836; x_wconf 85' lang='lat' dir='ltr'>tuum.</span> <span class='ocrx_word' id='word_1_205' title='bbox 909 2803 941 2846; x_wconf 84' lang='lat'>40</span> 
     </span>
     <span class='ocr_line' id='line_1_32' title="bbox 175 2859 832 2928; baseline 0.002 -12"><span class='ocrx_word' id='word_1_206' title='bbox 175 2866 211 2916; x_wconf 86' lang='lat' dir='ltr'>Te</span> <span class='ocrx_word' id='word_1_207' title='bbox 222 2870 336 2927; x_wconf 78' lang='lat' dir='ltr'>iuvenum</span> <span class='ocrx_word' id='word_1_208' title='bbox 347 2863 473 2926; x_wconf 84' lang='lat' dir='ltr'>Princeps,</span> <span class='ocrx_word' id='word_1_209' title='bbox 488 2864 525 2910; x_wconf 90' lang='lat' dir='ltr'>cui</span> <span class='ocrx_word' id='word_1_210' title='bbox 536 2859 578 2913; x_wconf 87' lang='lat' dir='ltr'>dat</span> <span class='ocrx_word' id='word_1_211' title='bbox 588 2864 716 2914; x_wconf 85' lang='lat' dir='ltr'>Germania</span> <span class='ocrx_word' id='word_1_212' title='bbox 726 2883 832 2928; x_wconf 89' lang='lat' dir='ltr'>nomen,</span> 
     </span>
     <span class='ocr_line' id='line_1_33' title="bbox 212 2939 703 3007; baseline 0.004 -17"><span class='ocrx_word' id='word_1_213' title='bbox 212 2944 354 3007; x_wconf 86' lang='lat' dir='ltr'>Participem</span> <span class='ocrx_word' id='word_1_214' title='bbox 366 2939 435 2990; x_wconf 80' lang='lat' dir='ltr'>studii</span> <span class='ocrx_word' id='word_1_215' title='bbox 446 2939 526 2991; x_wconf 68' lang='lat' dir='ltr'>cesar</span> <span class='ocrx_word' id='word_1_216' title='bbox 537 2942 622 2990; x_wconf 87' lang='lat' dir='ltr'>habere</span> <span class='ocrx_word' id='word_1_217' title='bbox 633 2942 703 2992; x_wconf 86' lang='lat' dir='ltr'>solet.</span> 
     </span>
     <span class='ocr_line' id='line_1_34' title="bbox 180 3018 818 3085; baseline 0.006 -16"><span class='ocrx_word' id='word_1_218' title='bbox 180 3018 220 3069; x_wconf 82' lang='lat' dir='ltr'>Tu</span> <span class='ocrx_word' id='word_1_219' title='bbox 232 3036 311 3069; x_wconf 87' lang='lat' dir='ltr'>comes</span> <span class='ocrx_word' id='word_1_220' title='bbox 324 3022 452 3085; x_wconf 84' lang='lat' dir='ltr'>antiquus,</span> <span class='ocrx_word' id='word_1_221' title='bbox 465 3034 490 3067; x_wconf 91' lang='lat' dir='ltr'>tu</span> <span class='ocrx_word' id='word_1_222' title='bbox 502 3022 584 3084; x_wconf 81' lang='lat' dir='ltr'>primis</span> <span class='ocrx_word' id='word_1_223' title='bbox 594 3022 686 3084; x_wconf 69' lang='lat' dir='ltr'>juniius</span> <span class='ocrx_word' id='word_1_224' title='bbox 696 3022 725 3070; x_wconf 89' lang='lat' dir='ltr'>ab</span> <span class='ocrx_word' id='word_1_225' title='bbox 736 3028 802 3073; x_wconf 86' lang='lat' dir='ltr'>annis</span> <span class='ocrx_word' id='word_1_226' title='bbox 809 3060 818 3085; x_wconf 95' lang='lat'>,</span> 
     </span>
     <span class='ocr_line' id='line_1_35' title="bbox 215 3096 687 3167; baseline 0.006 -22"><span class='ocrx_word' id='word_1_227' title='bbox 215 3096 313 3163; x_wconf 67' lang='lat' dir='ltr'>Ingenio</span> <span class='ocrx_word' id='word_1_228' title='bbox 323 3114 402 3167; x_wconf 77' lang='lat' dir='ltr'>morea</span> <span class='ocrx_word' id='word_1_229' title='bbox 413 3098 572 3163; x_wconf 80' lang='lat' dir='ltr'>aequiparante</span> <span class='ocrx_word' id='word_1_230' title='bbox 582 3131 591 3159; x_wconf 93' lang='lat'>,</span> <span class='ocrx_word' id='word_1_231' title='bbox 600 3097 687 3163; x_wconf 83' lang='lat' dir='ltr'>places.</span> 
     </span>
    </p>
   </div>
   <div class='ocr_carea' id='block_1_14' title="bbox 0 0 1212 3917">
    <p class='ocr_par' dir='ltr' id='par_1_14' title="bbox 0 0 1212 3917">
     <span class='ocr_line' id='line_1_36' title="bbox 0 0 1212 3917; baseline 0 0"><span class='ocrx_word' id='word_1_232' title='bbox 0 0 1212 3917; x_wconf 95' lang='lat' dir='ltr'> </span> 
     </span>
    </p>
   </div>
  </div>
 </body>
</html>
