2334 3917
272 392 579 460 Frsrorvu
611 385 710 454 Lrs.
737 386 796 477 ΙΙ,
851 408 888 478 55

204 511 346 578 Nympha,
363 508 403 559 sed
418 508 516 558 infern:
532 507 646 572 Nympha
658 506 764 574 paludis,
779 509 846 559 etit..
895 510 943 547 ⁶¹⁰

170 587 239 639 luffa
255 590 322 638 lotis
338 588 397 637 fiunt
411 590 522 650 :accepit
536 586 602 634 lucus
613 602 703 635 euntes·

204 668 304 717 Dicitur
318 666 360 716 illa
373 664 428 714 duci
439 680 490 713 tum
500 660 614 729 placuiffe
625 664 687 713 Deo.

169 746 232 795 vim
249 761 316 810 parat
332 747 371 793 hic
383 742 467 792 :vultu
483 760 526 807 pro
536 743 614 791 verbis
627 742 669 791 illa
679 756 804 807 precatum

204 825 239 872 Et
250 824 332 881 frustra
343 837 413 871 muto
423 823 507 869 nititur
518 836 560 868 ore
572 820 648 886 loqui.

172 898 862 968 fitquegravis,geminosqueparit,quicompitaservant,
890 897 936 950 ⁶¹5

206 980 240 1028 Et
249 980 350 1044 vigilant
361 978 440 1027 nostri
452 978 542 1040 semper
551 981 575 1024 in
585 978 659 1035 urbe,
673 978 752 1025 Lares.

171 1056 327 1105 PROXlMA
340 1058 437 1119 cognati
448 1052 526 1103 dixere
539 1053 656 1103 Charistia
667 1058 734 1115 cari,
751 1116 755 1121 ι

205 1132 238 1181 Et
254 1136 321 1183 venit
339 1130 369 1180 ad
388 1133 461 1189 socias
477 1132 545 1180 turbe
557 1131 782 1199 propinqua·dapes.

171 1210 271 1259 Scilicet
281 1227 295 1257 a
305 1208 403 1257 tumulis
416 1242 423 1268 ,
443 1214 485 1267 sc,
498 1211 539 1273 qui
551 1210 655 1273 periere,
668 1214 825 1277 propinquis,

205 1287 319 1335 Protinus
339 1284 369 1335 ad
384 1289 452 1335 vivos
466 1302 508 1335 ora
520 1286 606 1335 referre
620 1292 686 1352 juvat
698 1306 706 1346 3
891 1293 938 1329 ⁶²⁰

169 1365 276 1429 Postque
291 1380 328 1413 tot
340 1360 435 1413 amillos
448 1398 457 1422 ,
472 1362 592 1429 quidquid
605 1363 635 1413 de
646 1367 758 1430 sanguine
769 1366 854 1428 restae,

204 1440 351 1506 Adspiceres
365 1446 388 1491 δι
399 1445 492 1506 generis
503 1441 652 1491 dinumerare
663 1440 759 1507 gradus.

171 1518 276 1570 innocui
287 1523 400 1569 veniant:
412 1519 495 1584 procul
507 1521 576 1577 hinc,
590 1521 674 1585 procul
684 1524 772 1587 impius
783 1523 831 1574 ello

205 1598 309 1655 frater,
326 1601 350 1647 &
362 1600 386 1647 in
400 1613 480 1662 partus
491 1613 567 1647 mater
580 1601 664 1648 acerba
673 1601 742 1649 suos:

171 1674 222 1727 Cui
235 1692 302 1741 pater
313 1676 345 1729 eli
357 1679 444 1735 vivax,
456 1679 497 1741 qui
515 1678 598 1727 mettis
607 1674 694 1741 digerit
704 1695 797 1740 annos,

204 1753 267 1813 Quae
282 1757 368 1818 premit
384 1756 485 1809 invisam
501 1756 581 1804 socrus
594 1758 677 1822 iniqua
688 1772 785 1805 nurum.

173 1830 310 1882 Tantalide
322 1834 405 1881 fratres
421 1833 515 1892 absint,
532 1835 557 1881 &
574 1832 663 1882 Iasonis
683 1849 759 1894 uxor,

204 1911 238 1960 Et
257 1928 311 1977 quae
328 1912 437 1961 ruricolis
447 1914 537 1961 semina
554 1912 613 1961 tosta
626 1908 712 1961 dedit:

170 1988 204 2039 Et
223 1991 314 2055 Soror,
333 1993 357 2038 δι
369 1989 461 2054 Progne
473 2024 482 2049 ‚
495 1990 632 2057 Tereusque
647 1987 738 2041 duabus
746 1992 855 2061 iniquus:

204 2066 239 2115 Et
253 2070 399 2134 quicumque
415 2070 466 2117 suas
476 2085 517 2133 per
527 2069 602 2119 scelus
611 2084 682 2134 auget
691 2086 757 2134 opes.
889 2072 937 2122 630

170 2144 220 2195 Dis
236 2148 327 2209 generis
341 2144 396 2195 date
408 2160 460 2195 tura
470 2146 537 2195 boui.
550 2145 690 2197 Concordia
700 2147 776 2198 fertur

204 2222 255 2271 ille
272 2222 386 2288 praecipui
397 2227 463 2273 mitis
478 2222 555 2274 adello
569 2223 618 2274 die.

170 2300 203 2352 Et
215 2300 290 2350 libate
300 2299 386 2365 dapes:
399 2316 445 2360 ut,
460 2305 520 2365 grati
531 2305 615 2366 pignus
627 2304 725 2352 honoris
737 2337 746 2365 ‚

203 2378 305 2428 Nutriat
313 2381 429 2429 incinctos
439 2376 508 2429 milla
518 2381 607 2445 patella
617 2382 695 2432 iares.

170 2457 274 2523 Jamque
285 2459 325 2505 ubi
342 2456 450 2511 suadebit
460 2456 567 2521 placidos
584 2475 634 2509 uox
643 2459 729 2509 ultima
739 2461 852 2524 somnos,
889 2459 933 2514 ⁶35

204 2536 280 2583 Parca
291 2549 418 2599 precatura
426 2537 511 2585 sumite
519 2539 575 2585 vina
583 2553 675 2586 manus.

169 2613 218 2673 Et,
230 2614 291 2663 bene
299 2628 343 2661 nos
353 2613 464 2672 ‚Patriae‚
476 2614 536 2663 bene
546 2629 579 2673 te,
594 2616 663 2665 Pater
672 2616 781 2679 optime,
792 2614 887 2676 Cesar,

202 2691 287 2739 Dicite
300 2687 408 2748 suffuso,
422 2692 469 2739 sint
482 2705 532 2740 rata
544 2693 633 2752 verba,
645 2707 721 2740 mero.

169 2768 245 2821 Nox
263 2769 305 2819 ubi
316 2770 452 2829 transierit,
467 2767 541 2819 solito
550 2768 683 2819 celebretur
693 2769 802 2830 honore,

201 2850 301 2913 Separat
308 2845 399 2897 indicio
410 2850 452 2913 qui
460 2846 588 2897 Deusarva
598 2850 650 2896 suo.
888 2861 935 2911 640

168 2925 287 2975 Termine
299 2959 308 2985 ,
325 2927 373 2975 sive
384 2925 460 2991 lapis,
471 2927 520 2975 sive
531 2942 555 2973 es
565 2923 670 2975 defoffus
681 2927 706 2974 in
714 2940 772 2992 agro

202 3004 281 3066 Stipes
291 3037 300 3061 ,
317 3003 346 3053 ab
358 3006 460 3067 antiquis
471 3006 503 3052 sic
514 3020 611 3068 quoque
620 3020 709 3053 numen
718 3005 804 3055 habes..

168 3082 206 3135 Te
225 3078 277 3133 duo
292 3078 385 3133 diversi
395 3079 489 3135 domini
502 3096 547 3149 pto
557 3096 624 3149 parte
639 3096 755 3133 coronant
763 3098 773 3138 ς
803 3103 806 3110 ·

711 3162 780 3227 ,Cit

890 1665 934 1719 ‘²5
