2334 3917
293 380 593 451 FASTORUM
616 374 700 447 lrn.
731 372 776 449 V.
831 400 892 468 131

221 500 257 554 Ut
268 503 387 557 celebrem
398 503 457 553 sesto
468 505 544 569 signet
554 503 645 552 honore
656 500 730 553 diem

191 580 348 633 Mandantcm
361 581 472 647 amplesli
484 584 597 646 cupiunt,
614 586 638 631 bt
653 582 750 633 brachia
760 581 871 634 tendunt.
905 591 953 640 475

223 660 325 709 Lubrica
338 662 473 725 prensantes
489 656 574 724 cffugit
588 660 672 707 umbra
682 676 775 710 manus.

191 738 226 789 Ut
241 740 322 787 secum
334 738 427 803 fugiens
438 740 535 787 somnos
548 734 648 786 abduxit
662 740 760 802 imago,

221 816 259 868 Ad
274 835 355 883 regem
366 832 437 869 voces
454 816 531 865 fratris
543 830 642 881 uterque
653 814 741 865 serunt.

190 896 307 947 Romulus
315 897 469 961 obsequitur,
486 893 613 960 lucemque
625 894 737 943 Remuria
748 891 810 945 dixit

221 974 309 1035 Illam,
327 973 375 1040 qud
385 976 468 1038 positis
479 972 538 1038 justa
548 973 656 1023 seruntur
666 974 724 1021 avis.
904 968 953 1029 480

189 1053 275 1116 Aspera
285 1062 378 1101 mutata
388 1050 420 1100 est
432 1054 457 1099 in
471 1051 549 1099 lenem
563 1065 671 1115 tempore
679 1050 754 1115 longo

221 1130 315 1185 Liteta,
333 1145 386 1195 qua
399 1142 453 1179 toto
465 1131 563 1179 nomine
575 1130 651 1193 prime
667 1128 722 1178 suit.

187 1208 249 1259 Mox
260 1210 332 1258 etiam
343 1208 454 1257 Lemures
462 1210 552 1257 animas
562 1205 642 1257 dixere
652 1205 774 1257 silenrsrm.
833 1272 835 1276 .

220 1286 243 1335 Is
253 1288 320 1337 verbi
331 1288 408 1336 sensus
418 1320 428 1346 ,
437 1289 472 1337 vis
485 1302 512 1335 ea
522 1288 588 1335 vocis
601 1300 660 1334 erar.

188 1364 252 1414 Pana
264 1360 344 1415 tame'n
352 1363 497 1414 veteresillis
508 1362 611 1412 clausere
621 1361 703 1412 diebus
716 1396 725 1424 ,
839 1397 847 1409 t
902 1356 949 1419 485

220 1441 255 1490 Ut
267 1457 329 1490 nunc
341 1441 408 1491 ferali
419 1456 525 1505 tempore
539 1455 622 1506 operta
631 1438 707 1491 vides.

187 1517 240 1569 Nec
251 1516 328 1569 vidua
340 1518 405 1569 taedis
416 1517 516 1580 eadem,
527 1535 569 1569 nec
578 1522 675 1583 virginis
685 1532 740 1584 apta

221 1592 357 1661 Tempora:
369 1613 421 1662 quae
431 1599 512 1662 nupsit
521 1631 528 1656 ‚
540 1612 590 1648 non
600 1596 713 1650 diutuma
723 1596 779 1646 suit.

186 1674 239 1725 Hac
251 1691 346 1740 quoque
358 1673 386 1723 de
398 1674 477 1734 causi,
490 1678 509 1723 si
520 1689 542 1723 te
553 1675 679 1739 proverbia
689 1686 804 1739 tangunt,
852 1726 857 1731 ,

220 1753 304 1801 Mense
317 1750 391 1801 malas
401 1752 469 1817 Majo
480 1753 664 1823 nuberevulgus
675 1755 717 1801 ait.
899 1761 951 1816 490

186 1826 233 1879 Sed
245 1844 325 1877 tamen
335 1830 385 1877 haec
397 1832 442 1881 tria
454 1832 509 1881 sunt
520 1830 562 1879 sub
575 1828 661 1879 codem
674 1843 781 1894 tempore
795 1826 854 1877 festa

220 1908 285 1957 lnter
295 1908 319 1955 se
330 1906 399 1956 nullo
414 1911 554 1958 continuata
565 1906 613 1957 die.

187 1984 299 2045 Quorum
312 1987 330 2033 si
339 1983 425 2035 mediis
436 1986 540 2036 Boeoton
550 1986 643 2035 Oriona
652 2000 758 2053 quarem

219 2062 299 2111 Falsus
314 2065 358 2111 etis
370 2081 376 2111 r
389 2066 449 2127 signi
460 2065 528 2119 eausa
541 2064 647 2115 canenda
663 2067 733 2118 mihi.

185 2140 314 2205 luppiter,
332 2145 357 2191 bc
374 2141 424 2191 lato
436 2146 477 2208 qui
492 2157 574 2209 regnat
583 2145 609 2193 in
621 2160 715 2209 aequote
726 2144 815 2200 stater,
900 2156 947 2202 495

218 2216 356 2284 Carpebant
366 2221 456 2275 socias,
467 2221 664 2287 Mercuriusque,
675 2226 733 2274 vias.

186 2294 291 2361 Tempus
312 2312 362 2347 erat
373 2332 381 2358 ‚
393 2311 443 2363 quo
452 2300 518 2351 versa
528 2303 587 2364 jugo
594 2300 728 2351 reseruntur
738 2314 834 2363 aratra)

218 2372 249 2423 Et
263 2391 366 2439 pronum
376 2378 460 2425 satura
471 2376 507 2427 lac
518 2378 581 2427 bibit
589 2394 663 2443 agnus
674 2382 735 2431 ovis.

184 2450 255 2501 forte
272 2453 342 2501 senex
353 2453 468 2516 Hyrieus,
483 2455 573 2519 angusti
584 2458 663 2507 cultor
677 2459 766 2523 agelli,
843 2506 846 2511 ,

217 2530 270 2579 Hos
280 2528 365 2586 videt,
383 2533 492 2597 exiguam
503 2533 578 2583 stabat
588 2549 615 2583 ut
625 2550 679 2585 ante
689 2537 776 2586 casam.
902 2552 948 2600 5oo

183 2607 313 2673 Atqueita,
321 2610 404 2674 Longa
411 2612 450 2659 via
458 2611 503 2671 est,
513 2627 557 2661 nee
564 2625 673 2677 tempora
680 2612 752 2679 longa
759 2614 905 2679 supersunt,-

217 2686 300 2744 Dixit3
314 2690 337 2735 bc
346 2689 477 2751 hospitibus
487 2692 558 2754 janua
566 2690 725 2755 nostrapatet.

183 2762 420 2818 Addmiruvulrum
427 2758 664 2834 verbis,'itetumque
673 2770 776 2833 rogavit.

214 2842 300 2892 Parent
309 2844 446 2908 promissis,
455 2843 653 2913 dissimulantque
660 2846 735 2897 Deos.

183 2917 257 2967 Tella
267 2921 327 2973 senis
342 2922 459 2981 subeunt,
470 2926 539 2989 nigro
551 2922 669 2975 deformia
681 2926 766 2977 sumne
900 2953 944 3003 505

215 2996 280 3061 Ignis
295 3001 321 3049 in
329 3049 331 3054 .
338 3001 447 3051 hesterno
457 3002 534 3067 stipite
545 3019 631 3067 parvus
641 3020 699 3055 erat.

182 3072 252 3139 lpse,
269 3092 332 3143 genu
342 3083 437 3144 posito,
454 3078 563 3133 flammas
574 3082 699 3140 exsuscitat
709 3084 783 3145 aurs,

726 3166 745 3215 F
764 3165 788 3232 vj
