2334 3917
346 354 349 363 .
438 394 611 458 lars,
843 406 910 469 397

230 508 330 560 Excidat
341 524 394 561 ante
406 509 475 575 pedes
486 510 567 573 lingua
576 508 662 556 tesedia
672 519 734 554 tuos.

198 586 320 640 Conditor
331 606 357 638 ut
368 586 455 643 tardae,
469 587 555 636 Elaesus
566 587 728 648 cognomine,
740 578 859 644 Cyrrhae,

232 666 303 714 Orbis
316 669 340 714 in
351 667 481 714 innumeris
491 666 611 711 inveniare
623 661 690 708 locis.
915 677 962 727 540

199 741 275 807 Inque
287 745 333 791 tuis
342 740 437 807 opifex,
452 744 501 793 vati
512 737 578 805 quod
591 738 647 785 ferit
658 738 761 795 Achaeo,

233 818 312 869 Noxia
324 820 454 869 luminibus
465 818 554 883 spicula
566 814 655 865 condat
665 816 724 878 apis.

199 896 270 945 fixus
282 902 307 947 &
317 901 343 947 in
354 896 417 947 duris
429 898 530 961 carparis
541 897 630 945 viscera
641 894 716 951 saxis,

125 976 129 981 “
219 1012 223 1019 .
235 976 270 1025 Ut
280 980 318 1026 cui
330 976 418 1039 Pyrrha
430 977 464 1023 sui
474 973 524 1024 lilia
536 972 615 1021 fratris
624 984 682 1020 erar.

201 1052 236 1103 Ut
246 1069 304 1117 puer
314 1050 478 1119 Harpagides,
493 1050 579 1100 referas
590 1047 698 1113 exempla
709 1044 832 1108 Thyeste,
921 1059 964 1106 545

234 1130 307 1197 Inque
318 1134 352 1180 tui
364 1132 435 1180 caesus
446 1131 533 1180 viscera
544 1132 618 1193 patris
628 1143 674 1174 eas.

203 1208 298 1259 Trunca
310 1226 392 1273 geras,
404 1211 466 1257 saevo
477 1206 595 1256 mutilatis
606 1206 711 1271 partibus
720 1202 786 1257 ense,

237 1284 323 1344 Qualia
333 1286 472 1335 Mimnermi
484 1286 592 1333 membra
604 1279 672 1331 inille
684 1280 771 1329 ferunt.

203 1363 268 1413 Utve
279 1366 402 1427 Syracosio
414 1361 538 1429 praestrilii
551 1360 619 1409 faute
634 1364 724 1424 poie'rae,

237 1444 275 1489 Sic
288 1444 372 1490 mimae
384 1440 470 1505 laqueo
482 1444 512 1488 sit
522 1442 561 1488 via
570 1437 650 1486 clausa
662 1452 715 1485 tuae.
923 1442 969 1497 550

206 1518 307 1569 Nudave
318 1517 415 1583 dereptis
426 1532 523 1583 pateant
535 1530 575 1563 tua
584 1516 674 1563 viscera
683 1510 762 1577 pelle,

237 1595 272 1644 Ut
282 1596 412 1660 Phrygium
424 1598 491 1659 cujus
502 1595 600 1643 nomina
610 1590 699 1639 flumen
709 1591 790 1639 habet.

205 1673 311 1723 Saxificae
322 1671 401 1723 videas
412 1671 497 1721 infelix
507 1688 549 1719 ora
559 1668 679 1729 Medusae,

239 1750 382 1815 Cephenum
398 1750 488 1798 multos
499 1765 551 1814 quae
562 1746 630 1797 dedit
641 1763 688 1795 una
698 1749 761 1799 neci,

206 1827 351 1879 Potniadum
363 1830 454 1876 morsus
466 1828 563 1885 subeas,
577 1840 604 1873 ut
615 1824 733 1878 Glaucus,
747 1838 861 1889 equarum
875 1839 882 1871 a
925 1824 967 1876 iil

240 1908 314 1972 lnque
330 1908 400 1954 maris
413 1904 498 1960 salias,
510 1902 614 1952 Glaucus
626 1917 652 1950 ur
663 1900 739 1960 alter,
751 1916 831 1965 aquas.

208 1984 290 2049 thue
302 1982 394 2031 duobus
406 1979 470 2030 idem
482 1980 549 2029 diuis
559 1978 636 2029 modb
647 1996 736 2028 nornen
746 1980 859 2039 habenti,

241 2060 373 2109 Praefocent
385 2062 469 2109 animae
481 2060 571 2108 Gnosia
582 2058 654 2107 mella
664 2061 739 2107 viam.

207 2138 355 2205 Soliciroque
366 2140 447 2193 bibas,
459 2139 532 2199 Anyti
544 2135 692 2186 doffissIrnus
700 2135 762 2185 olim
802 2120 806 2130 ⁸

241 2217 416 2282 imperturbato
426 2214 492 2282 quod
504 2216 564 2265 bibit
575 2232 617 2265 ore
627 2232 688 2263 reus.
925 2225 972 2276 560

193 2292 260 2341 ·Nec
272 2294 315 2339 tibi
325 2327 333 2351 ,
346 2296 365 2339 si
376 2292 434 2358 quid
446 2310 526 2351 amas,
540 2292 633 2341 felicius
644 2292 761 2340 Haemone
771 2288 840 2339 cedat
851 2306 858 2338 a

241 2369 321 2435 thue
332 2368 373 2416 sui
384 2370 524 2423 Macareus,
537 2372 569 2416 sic
581 2372 672 2432 potiare
685 2367 735 2415 tual.

208 2445 254 2496 Vel
265 2445 362 2505 videas,
375 2444 441 2511 quod
449 2450 497 2509 jam
508 2480 515 2505 ,
528 2445 582 2494 crim
595 2438 698 2494 flammae
708 2446 791 2495 cunila
802 2459 923 2506 tenerent,

242 2525 369 2573 Helioreus
380 2523 456 2589 patriai
465 2522 528 2573 vidit
539 2524 568 2573 ab
580 2539 633 2571 arce
644 2539 712 2587 puer.

208 2603 326 2666 Sanguine
336 2602 421 2666 probra
432 2602 499 2659 luas,
513 2617 538 2649 ut
549 2618 595 2649 avo
606 2604 713 2664 genitore
724 2614 835 2661 creatus,
863 2665 866 2669 ι
927 2628 969 2681 5⁵5

242 2680 285 2727 Per
295 2678 385 2727 facinus
400 2681 466 2727 soror
476 2678 508 2727 est
518 2682 555 2727 cui
568 2680 607 2726 sua
619 2678 678 2725 fabia
689 2695 782 2744 parens.
886 2679 888 2682 ’

209 2758 307 2805 Ossibus
317 2760 389 2823 inque
401 2760 446 2805 tuis
458 2756 582 2821 telifgenus
593 2756 680 2804 haereat
691 2754 767 2814 illud,

190 2844 193 2853 '
242 2830 356 2881 Traditur
367 2832 434 2879 lcarii
444 2848 492 2896 quo
503 2826 612 2879 cecidille
624 2844 704 2893 gener.

209 2912 290 2977 thue
301 2911 389 2975 loquax
402 2912 427 2957 in
439 2926 501 2975 equo
513 2908 544 2956 est
555 2907 624 2955 elisus
635 2921 826 2970 gutturaeeruo,

242 2992 279 3040 Sic
295 2991 338 3037 tibi
350 2986 473 3037 claudatur
491 2985 579 3051 pollice
594 2986 660 3034 vocis
672 2986 725 3031 iter.
928 3002 974 3050 570

211 3066 258 3115 Aut
268 3081 293 3119 ut
304 3066 453 3117 Anaxarchus
462 3062 512 3131 pili
522 3063 636 3111 minuaris
646 3061 672 3109 in
683 3059 743 3121 alra,
