2334 3917
258 442 263 451 ,
301 374 571 452 anrrrurr
596 375 688 446 Lru.
716 372 761 448 V.
833 382 899 466 '255

186 488 239 548 Nee
247 516 287 550 rue
297 514 348 551 tam
358 506 450 566 cruciet
459 514 592 567 numquam
601 503 650 549 sine
664 501 752 564 irigure
761 496 868 558 curium,
921 497 950 550 ⁶5

219 578 344 646 Glebaque
353 584 448 630 canenti
456 578 548 644 semper
557 579 640 628 obusta
651 575 706 644 gelu
716 595 724 636 3

186 652 319 724 Nescieque
330 658 362 708 est
369 662 436 708 vocis
444 657 512 724 quud
522 658 620 707 barbara
631 656 713 723 lingua
724 655 827 712 Latium

218 736 337 802 Graiaque
347 735 415 802 quod
425 737 512 786 Getico
522 738 584 785 vista
593 733 689 800 loquela
699 731 776 790 sonu;

185 811 268 872 Qudm
278 813 345 880 quud
354 811 460 864 finitimo
470 815 559 862 cintius
567 829 663 878 premor
670 806 775 876 undique
784 809 861 858 Marte
870 825 878 866 ς
944 807 948 834 ³

219 891 314 958 Vixque
325 893 403 941 brevis
414 905 494 940 tutum
505 899 587 939 murus
597 891 625 939 ab
636 889 702 938 hoste
714 887 781 936 facit.
921 890 954 936 70

186 966 235 1016 Pax
247 983 327 1018 tamen
336 968 458 1019 interdum
468 1003 476 1024 ,
487 973 551 1034 pacit
559 964 648 1017 fiducia
659 981 791 1031 numquam
802 964 843 1012 est.

219 1047 261 1095 Sic
272 1060 336 1096 nuuc
346 1049 386 1096 hic
395 1051 500 1112 patirur,
510 1062 574 1096 nunc
586 1050 657 1102 timet
664 1061 747 1102 arma,
760 1043 836 1092 locus.

185 1118 251 1174 Hinc
262 1141 308 1190 ego
318 1123 376 1175 dum
388 1139 481 1184 muter,
491 1123 530 1175 vel
539 1143 577 1174 me
587 1123 697 1174 Zancltea
709 1119 846 1184 Charybdin

217 1202 339 1262 Devorer,
348 1219 407 1269 aque
418 1204 464 1252 suis
472 1202 502 1252 ad
509 1206 582 1269 Styga
593 1205 674 1252 mittat
683 1203 764 1266 aquis:

185 1277 232 1329 Vel
243 1280 331 1346 rapidae
339 1281 443 1330 flammis
454 1297 507 1330 urar
514 1285 630 1346 patienter
642 1283 668 1328 in
679 1278 704 1328 ἦ
711 1291 774 1327 turer
919 1272 948 1323 75

218 1358 264 1407 Vel
275 1358 337 1408 freta
347 1359 459 1410 Leucadii
467 1363 550 1410 mittar
561 1363 585 1408 in
595 1358 644 1408 alta
654 1357 709 1406 Dei.

80 1422 81 1487 ἶ
186 1433 262 1494 Quod
271 1437 369 1499 petitur,
375 1452 447 1501 poena
456 1437 488 1487 est
495 1455 501 1486 ε
508 1453 584 1502 neque
596 1438 661 1485 enim
667 1435 738 1483 miser
747 1429 793 1482 effe
801 1431 901 1488 recuso·‚

218 1511 264 1562 Sed
271 1529 372 1578 precor,
384 1518 507 1580 utpottim
516 1515 590 1564 tutidr
603 1510 648 1562 effe
661 1513 741 1561 miser.

187 1669 902 1752 tadhere-:ze

344 1779 735 1891 Euuutnrru

183 1920 285 2037 Itur
295 1986 346 2039 diet
356 1993 406 2040 haec
418 1991 466 2052 est,
479 1991 528 2058 qui
540 1998 569 2040 ιε’
575 1991 693 2042 celebrare
706 1995 801 2056 poe‘tae,

218 2069 241 2116 Si
252 2066 386 2118 moddnon
394 2069 482 2119 fallunt
491 2083 616 2135 ternpore,
628 2071 721 2120 Bacche
733 2106 741 2126 ,
753 2070 844 2120 sulentr

186 2144 298 2211 Festeque
306 2145 413 2196 odoratis
423 2150 546 2197 inneeiunt
556 2162 665 2214 tempora
676 2150 759 2202 serris,
840 2155 845 2170 ¹

218 2223 250 2272 Et
264 2222 348 2273 dicunt
360 2223 440 2274 leudes
452 2223 483 2274 ad
491 2241 533 2274 tua
544 2230 600 2277 vina
611 2241 671 2276 tuae.

183 2300 248 2350 Inter
258 2317 334 2368 quor,
345 2306 463 2363 memini,
476 2301 535 2352 dum
547 2319 587 2353 rne
596 2321 650 2353 mea
661 2307 710 2354 fata
719 2304 828 2354 sinebant
840 2335 848 2356 2
917 2314 927 2361 5

216 2379 274 2428 Non
284 2381 359 2430 inrisa
369 2383 414 2430 tibi
424 2397 476 2446 pare
488 2396 534 2446 ego
545 2385 604 2447 saepe
615 2382 666 2440 fuit
934 2373 946 2399 ³

80 2528 81 2531 Ἴ
183 2459 264 2520 Quem
277 2476 341 2509 nuuc
351 2459 500 2525 suppositum
507 2460 580 2509 stellis
587 2458 752 2524 Cynosuridos
760 2458 828 2510 Ursae

215 2539 297 2588 Junua
308 2552 374 2588 tenet
383 2537 463 2588 crudis
473 2541 585 2588 Sarmatis
591 2555 635 2588 ura
642 2540 718 2588 Getis.

182 2615 278 2681 Quique
288 2617 352 2680 peius
361 2617 463 2667 mollem
472 2651 480 2675 ,
490 2633 638 2684 vacuamque
646 2617 782 2678 laboribus,
794 2619 832 2682 egi

215 2695 241 2742 in
253 2693 415 2746 studiirritarn
427 2694 595 2761 Pieridumque
607 2699 681 2745 choro
693 2711 701 2754 3
916 2709 945 2742 10

181 2771 254 2823 Nunc
262 2773 347 2838 procul
358 2777 458 2840 epatrie
468 2775 559 2824 Getieis
568 2775 734 2823 circumsonor
743 2775 814 2824 armis
824 2807 831 2832 ,

215 2850 295 2900 Multa
310 2851 374 2916 priris
384 2851 469 2917 pelago
476 2853 489 2912 ,’
496 2851 620 2918 multaque
631 2847 709 2918 passus
719 2853 804 2900 humo.

181 2929 235 2978 sire
245 2931 307 2978 mihi
318 2932 401 2989 casus,
413 2933 462 2980 sive
472 2932 520 2980 hoc
532 2929 600 2980 dedit
609 2933 645 2980 ira
656 2931 764 2980 Deorum
774 2963 783 2991 ,

214 3007 306 3058 Nubila
313 3011 418 3058 nascenti
427 3009 465 3058 seu
471 3011 531 3058 mihi
539 3010 612 3058 Prree
619 3009 682 3058 fluit:
731 3031 734 3038 ¹

181 3085 220 3138 Tu
231 3100 313 3136 tanen
324 3089 416 3138 esaerir
425 3085 519 3138 irederae
528 3087 668 3138 cultoribus
675 3101 766 3138 unum.
802 3110 805 3118 ·
819 3106 828 3118 α
850 3071 895 3135 .’“··
915 3097 942 3148 15
