2334 3917
164 2364 169 2376 ,
236 2326 282 2361 200

292 311 364 387 ¹144
436 296 480 366 P.
508 282 665 365 orituri
685 298 881 367 NAsonrr

326 418 377 468 Nec
388 434 440 485 quae
452 419 565 483 Pygmaeo
579 420 691 483 sanguine
706 419 812 485 gaudet,
827 437 906 473 avem.
958 450 963 456 ι

292 496 323 546 Et
334 511 416 561 praeter
433 512 520 560 pennas
531 496 591 544 nihil
602 500 628 545 in
644 514 737 562 pavone
747 498 875 563 placebat3

324 575 373 623 Nec
391 573 461 622 tellus
473 589 553 641 captas
566 578 661 624 miserat
671 592 726 626 ante
741 577 811 625 seras.

290 652 333 700 Sus
342 665 392 699 erar
401 654 426 699 in
436 654 526 717 pretio:
537 651 597 701 caesi
605 654 662 712 sue,
677 653 733 703 festa
743 653 864 703 colebant.

244 744 290 793 ¹80
322 730 397 779 Terra
408 730 472 779 fabas
481 730 590 790 tannim,
606 730 711 797 duraque
723 730 786 781 farra
796 731 877 783 dabat.

291 806 351 869 Quae
364 807 413 859 duo
428 812 503 857 mixta
513 808 584 856 simul
595 810 664 858 sextis
675 813 820 875 quicumque
833 806 941 859 incudis

323 884 424 944 Edetlt,
442 887 496 933 huic
511 883 565 933 laerli
576 887 664 934 viscera
675 884 740 951 posse
751 902 847 951 negant.
992 881 995 890 ¹

291 965 352 1015 Arce
366 979 462 1031 quoque
475 966 500 1012 in
516 962 610 1012 summi
623 964 712 1013 lunoni
728 964 818 1029 templa
830 966 938 1014 Moneta

322 1042 358 1090 Ex
371 1057 429 1090 voto
448 1056 583 1091 memorant
593 1040 654 1092 faria
664 1076 672 1102 ,
684 1040 804 1101 Camille,
819 1057 871 1091 tuo.

244 1121 351 1199 ,gpAnre
362 1119 447 1169 domus
462 1118 541 1169 Manli
558 1119 652 1168 strarant
663 1154 671 1179 ,
689 1122 730 1185 qui
740 1120 834 1169 Gallica
844 1117 969 1187 quondam

321 1198 342 1246 A
353 1196 494 1263 Capitolino
504 1196 592 1261 repulit
603 1212 669 1245 arma
679 1198 747 1247 Jove.

289 1275 370 1336 Quam
387 1277 460 1335 bene,
479 1274 513 1324 Di
523 1274 619 1339 magni!
630 1274 712 1339 pugni
721 1272 842 1324 cecidisset
852 1278 879 1324 in
889 1275 933 1324 illa

320 1354 439 1403 Defensor
452 1352 524 1413 solii,
542 1352 649 1417 luppiter
661 1353 725 1412 alre,
740 1356 792 1406 tui!
852 1410 855 1417 Ι

288 1430 355 1480 Vixit
368 1466 375 1489 ‚
395 1446 421 1480 ut
431 1428 552 1481 occideret
561 1428 688 1478 damnatus
698 1432 797 1479 crimine
805 1432 870 1495 regni
881 1447 888 1477 t

241 1540 287 1589 190
319 1508 390 1559 Hunc
400 1508 437 1558 illi
450 1508 546 1558 titulum
560 1508 634 1571 longa
644 1509 735 1556 sentila
745 1509 826 1556 dabat.
851 1545 853 1548 .

287 1590 339 1639 Lux
349 1586 432 1639 eadem
441 1588 514 1636 Marti
526 1584 582 1634 festa
592 1586 639 1639 est.
654 1601 725 1650 quem
736 1586 851 1651 prospicit
861 1597 928 1633 extra

319 1668 461 1732 Appositum
470 1665 548 1715 ‘reuae
556 1677 625 1728 porta
638 1662 736 1727 Capena
749 1666 803 1713 viae.

287 1745 323 1795 Te
331 1760 426 1810 quoque
438 1779 445 1805 ,
458 1742 608 1807 Tempestas,
624 1743 734 1790 meritam
746 1739 843 1789 delubra
857 1740 981 1795 fatemur,

319 1823 384 1873 Cum
395 1838 460 1888 paene
472 1822 504 1871 est
512 1820 594 1871 Corsis
605 1821 690 1870 obruta
699 1818 778 1870 classis
789 1821 865 1885 aquis.

240 1900 343 1973 195Haec
354 1903 481 1950 hominum
491 1914 649 1949 monumenta
659 1912 741 1963 patent
752 1916 758 1945 z
767 1900 786 1945 si
794 1898 896 1963 quaeriris
902 1896 980 1956 astra,

317 1978 386 2026 Tunc
394 1974 830 2043 oriturmagnipraepesaduncaJovis.

285 2055 430 2105 POSTERA
441 2054 482 2106 lux
500 2053 597 2117 Hyadas
607 2089 615 2109 ,
627 2056 738 2103 Taurinae
750 2068 838 2105 cornua
854 2051 961 2111 frontis,

316 2134 420 2183 Evocat:
430 2137 454 2181 δι
463 2120 542 2181 multi
553 2149 615 2184 terra
625 2130 741 2184 madescit
751 2130 820 2196 aqui.

283 2211 379 2261 MANE
397 2211 437 2259 ubi
449 2210 539 2270 suerit,
559 2210 710 2276 Phoebusqne
721 2208 842 2257 intraverit
852 2219 937 2265 ortus,

316 2290 429 2357 Fallaque
440 2291 484 2337 erit
494 2322 502 2349 ‚
511 2291 591 2353 posito
601 2304 671 2348 tore,
683 2289 719 2336 bis
734 2285 780 2336 uda
790 2288 852 2349 seges
864 2302 872 2330 t

283 2367 334 2418 Hac
349 2369 436 2416 sacrata
447 2365 486 2419 die
496 2367 576 2419 Tuscu
585 2366 684 2415 Bellona
697 2364 777 2415 duello

313 2444 423 2493 Dicitur:
434 2447 458 2492 δι
467 2444 536 2493 Latio
542 2445 653 2508 prospera
658 2444 749 2509 semper
754 2440 825 2491 adell.

280 2524 370 2589 Appius
380 2522 412 2571 est
422 2522 524 2587 Auilur,
536 2522 627 2583 Pyrrho
637 2524 679 2588 qui
690 2539 747 2587 pace
758 2519 844 2586 negari

313 2598 421 2653 Multum
430 2598 577 2653 animovidit
585 2616 592 2657 3
601 2599 691 2650 lumine
704 2614 785 2665 captus
795 2612 854 2650 erat.

233 2678 397 2741 205Prospicit
410 2694 424 2726 a
440 2676 530 2742 templo
547 2679 667 2743 summum
676 2678 752 2728 brevis
761 2694 814 2726 area
825 2676 937 2726 Circum.

313 2754 351 2804 Est
363 2756 396 2804 ibi
410 2772 459 2804 non
475 2772 553 2822 parvae
566 2772 639 2820 parva
651 2756 765 2805 columna
775 2769 849 2804 notar.

279 2832 343 2883 Hinc
354 2832 414 2882 solet
424 2833 489 2885 halla
500 2848 588 2894 manu,
600 2833 657 2886 belli
672 2836 822 2900 praenuncia,
835 2835 914 2893 mitri,

312 2910 340 2961 In
357 2902 435 2975 regem
452 2914 476 2959 ὁ(
489 2926 585 2980 gentes,
599 2910 653 2960 crlm
665 2910 745 2976 placet
759 2926 826 2960 arma
834 2914 897 2975 capi.

279 2988 407 3041 ALTERA
413 3004 465 3058 pars
476 2987 543 3041 Circi
553 2986 648 3039 custode
658 2981 701 3039 sub
709 2988 812 3038 Hercule
823 3001 875 3038 tuta
886 2988 936 3045 esl3

917 3068 1002 3135 Quod
