2334 3917
271 383 356 473 '‚¹4²
431 354 473 427 P.
504 358 659 426 Ovrurr
681 358 877 427 NAsours

319 477 488 546 Nequidquam
498 479 579 529 multis
591 482 649 546 sepe
656 484 730 545 petita
737 484 825 545 procis.

285 560 348 608 Rura
361 561 442 623 sequi,
455 560 587 625 iaculisque
601 558 661 607 ferat
671 562 759 623 agitare
769 559 876 617 solebat3

237 656 282 689 tro
314 634 471 703 Nodosasque
482 636 540 685 eard
550 634 647 686 tendere
655 636 717 686 valle
728 638 820 701 plagas.

282 714 339 764 Non
349 715 434 763 habuit
444 717 596 780 pharetram,
609 715 693 763 Phtebi
703 728 784 764 tamen
798 713 845 764 effe
857 718 965 767 sororem

313 790 463 843 Credebant:
472 810 516 842 net
528 807 577 841 erat
589 827 598 852 ,
615 793 719 851 Phoebe,
733 791 845 857 pudenda
857 796 911 843 tibi.

189 912 192 915 .
279 868 342 920 Huic
353 871 438 937 aliquis
448 875 562 936 Juvenum
570 868 665 919 dixisset
675 875 779 921 mirantia
788 874 877 933 verba,

311 946 435 998 Reddebat
446 949 503 998 tales
517 948 675 1014 protinusilla
686 952 765 999 sonos.
975 1010 977 1014 .

226 1025 335 1089 115Haec
344 1026 397 1075 ioca
404 1026 466 1075 iuris
478 1028 566 1075 habent
576 1030 663 1086 nimis,
675 1030 764 1076 &eum
775 1026 828 1076 luce
835 1026 942 1092 pudoris.

308 1105 332 1152 Si
344 1105 430 1153 secreta
440 1106 515 1168 magis
526 1101 594 1152 ducis
604 1106 630 1151 in
640 1117 707 1151 antra
719 1137 727 1162 ,
739 1106 833 1169 sequor.

273 1179 394 1249 Credulus
405 1197 472 1232 antra
483 1182 544 1229 subit
555 1200 561 1229 ι
574 1180 670 1229 frutices
680 1185 730 1229 haec
740 1182 899 1232 uastaretistit
910 1201 919 1243 3

306 1258 338 1307 Et
354 1257 426 1318 latet,
439 1264 464 1308 bc
476 1258 544 1307 nulio
552 1258 584 1307 est
594 1257 737 1307 invenienda
747 1258 832 1308 modo.

191 1395 194 1401 ¹
271 1334 372 1386 Viderat
389 1340 449 1386 hanc
459 1338 529 1386 Janus
537 1354 544 1393 3
559 1338 661 1401 visaque
672 1334 785 1400 cupidine
798 1351 879 1401 captus

224 1439 269 1472 120
302 1412 340 1463 Ad
357 1413 442 1463 duram
456 1414 532 1464 verbis
545 1414 659 1463 mollibus
671 1416 724 1462 usus
736 1429 795 1463 erat.

269 1490 382 1557 Nympha
395 1494 464 1559 iubet
475 1496 547 1558 quaeri
558 1490 589 1541 de
599 1509 666 1541 more
674 1496 789 1541 remotius
799 1506 892 1541 antrum
904 1509 913 1551 3

299 1570 380 1637 thue
392 1588 471 1620 comes
483 1574 604 1638 sequitur,
622 1569 775 1635 destituitque
785 1569 881 1619 ducem.

265 1648 360 1703 Stulta,
373 1648 440 1699 videt
455 1650 526 1697 Janur
541 1666 594 1715 quae
606 1649 657 1713 post
665 1650 706 1699 sua
718 1658 781 1713 t'etga
790 1664 910 1713 gerantur.

297 1726 340 1785 Nil
356 1732 405 1793 agis
415 1744 446 1777 en
456 1746 462 1774 r
473 1726 572 1775 latebras
583 1729 678 1791 respicit
687 1726 730 1800 ilie
742 1740 802 1775 tuat.

219 1803 307 1864 125Nil
319 1808 367 1870 agis
379 1823 426 1865 en,
444 1804 493 1853 dixi
505 1824 511 1853 t
524 1822 580 1855 nam
596 1820 619 1853 re
630 1806 673 1853 sub
683 1821 740 1869 rupe
748 1805 863 1855 latentem

295 1878 404 1947 occupat
412 1883 520 1948 amplexu
534 1902 541 1942 3
552 1885 639 1948 speque
649 1886 755 1947 potitus,
769 1887 819 1941 ait3

263 1959 300 2010 Ius
311 1978 354 2023 pro
366 1962 495 2010 concubitu
507 1961 587 2010 nostro
598 1962 641 2010 tibi
653 1960 755 2009 cardinis
765 1962 823 2009 esto.

292 2038 345 2087 Hoc
357 2040 458 2103 pretium
469 2040 551 2101 positae
562 2039 705 2102 virginitatis
714 2038 784 2086 habe.

258 2115 296 2163 sic
313 2114 375 2164 fatus
387 2149 395 2174 ‚
410 2116 519 2178 spinam,
535 2114 582 2180 qud
593 2115 668 2163 tristes
678 2115 766 2179 pellere
777 2112 855 2179 poffet

211 2208 265 2254 130·
284 2192 305 2240 A
317 2193 407 2243 foribus
421 2208 508 2251 noxas,
522 2194 571 2241 haec
584 2208 634 2242 erat
644 2192 711 2251 alba,
728 2191 805 2242 dedit.

255 2273 316 2322 Sunt
326 2270 401 2321 avida:
407 2270 515 2320 volueres
527 2288 533 2319 ε
545 2286 594 2319 non
605 2287 657 2335 qua
668 2272 765 2318 Phineia
775 2272 861 2318 mensis

288 2352 391 2399 Gutture
408 2347 550 2397 fraudabant
561 2367 568 2405 ;
581 2347 621 2397 sed
631 2364 705 2413 genus
716 2348 771 2397 inde
782 2350 886 2397 trahunt.
961 2377 965 2382 ,

253 2426 349 2477 Grande
362 2443 432 2491 caput
445 2445 450 2473 ε
463 2426 547 2475 stantes
558 2426 623 2475 oculi
636 2445 642 2475 t
654 2427 727 2475 rostra
736 2440 789 2491 apta
799 2429 904 2491 rapinaee

285 2504 392 2561 Canities
399 2506 481 2570 pennis
493 2539 500 2563 ‚
512 2505 630 2569 unguibus
641 2507 724 2553 hamus
735 2505 801 2554 inest.

205 2586 327 2644 ¹35N0&e
338 2584 437 2642 volant,
453 2598 584 2647 puerosque
594 2597 680 2647 petunt
689 2585 788 2631 nutricis
796 2596 904 2648 egentes;

283 2665 314 2714 Et
326 2666 413 2715 vitiant
423 2663 488 2710 tuuis
502 2676 603 2724 corpora
611 2676 678 2725 rapta
688 2661 743 2709 suis.

197 2789 199 2793 .
249 2742 354 2807 Carpere
368 2740 479 2790 dicuntur
496 2737 605 2787 laurentia
618 2740 706 2787 viscera
716 2736 814 2795 rostris,

281 2820 312 2868 Et
330 2819 427 2884 plenum
445 2830 503 2881 poto
514 2818 626 2880 sanguine
637 2830 719 2881 guttur
729 2816 827 2864 habent.

246 2898 286 2947 Est
296 2897 344 2947 illis
359 2896 466 2961 strigibus
476 2911 564 2944 nornen
572 2913 578 2941 τ
585 2892 629 2942 sed
640 2896 744 2943 nominis
754 2896 824 2957 hujus

200 2978 245 3026 140
279 2975 374 3034 Causa,
389 2972 455 3040 quiid
465 2970 584 3022 horrendi
596 2971 690 3021 stridere
701 2975 769 3021 noste
780 2972 868 3021 soient.

245 3056 298 3105 Sive
309 3054 382 3117 igitur
390 3054 518 3103 nascuntur
528 3066 582 3103 aves
593 3084 602 3112 ,
617 3052 657 3099 seu
672 3053 777 3101 armine
787 3049 850 3099 fiunt
857 3084 866 3110 ,
