2334 3917
126 251 141 318 l

289 349 354 432 238
416 343 458 409 P.
490 343 645 408 Orrnrr
670 341 865 406 NAsortrs

287 464 339 513 Nec
348 479 413 511 nova
424 497 432 521 ‚
449 459 516 526 quod
531 475 611 509 tecum
622 459 724 525 loquor,
744 460 777 508 est
788 462 876 525 injuria
886 461 983 525 nostra,

237 565 265 615 ²5
319 539 448 588 Incolumis
458 556 515 588 curn
525 555 574 604 quo
584 540 644 603 saepe
655 538 749 588 loeutus
759 555 832 588 eram.

284 615 339 676 Qub
352 634 447 665 vereare
462 617 558 676 minus,
569 633 600 665 ne
611 620 655 664 sim
669 618 711 664 tibi
722 620 812 665 crimen
824 620 931 666 amicus:

315 693 432 744 Invidiam
442 698 479 752 ,si
489 712 537 760 qua
547 695 579 743 eli
589 729 597 754 ,
612 697 692 743 trucior
703 695 789 743 habere
801 696 887 758 potest.

283 770 348 819 Nem
359 787 413 821 tuus
429 774 462 822 est
472 775 554 837 primis
565 773 643 820 cultus
654 774 713 820 mihi
721 772 812 836 semper
826 773 855 820 ab
867 777 952 828 anuis,

317 851 369 899 Hoc
381 852 431 900 noli
443 850 506 900 certe
519 849 685 908 dissimulare,
703 864 787 914 pater:

234 954 264 998 30
281 926 451 994 Ingeniumque
460 946 556 986 meum,
565 942 633 992 potes
641 929 691 974 haec
700 923 848 985 meminisse,
861 930 993 992 probabat:

312 1005 366 1052 Plus
378 1008 469 1063 etiam,
485 1006 578 1071 quam,
593 1022 631 1052 me
649 1003 747 1066 judice,
766 1003 852 1070 diguus
868 1023 943 1055 erarn.

279 1081 364 1148 Deque
375 1086 434 1132 meis
446 1084 490 1131 illo
500 1084 616 1133 referebat
624 1082 728 1132 versibus
738 1084 795 1141 o're,

309 1161 337 1209 ln
346 1177 395 1226 quo
403 1177 454 1225 pars
462 1162 516 1211 altae
528 1159 660 1210 nobilitatis
671 1173 729 1208 erat.

276 1236 334 1286 Non
343 1241 416 1301 igitur
427 1240 471 1286 tibi
482 1255 561 1297 nune,
573 1237 640 1303 quod
650 1254 688 1286 ine
700 1235 786 1285 domus
796 1237 837 1284 ilia
848 1241 957 1302 recepit,

231 1337 256 1386 35
310 1312 356 1363 Sed
367 1314 429 1377 prius
441 1317 531 1362 aussori
542 1316 596 1362 sunt
608 1311 664 1362 data
676 1316 747 1362 verba
763 1328 814 1362 tuo.

274 1389 325 1440 Nec
338 1389 392 1440 data
399 1393 529 1450 sunt,mihi
538 1389 618 1451 crede,
627 1389 759 1440 tarnenzsed
765 1395 791 1440 in
801 1391 913 1440 omnibus
921 1394 987 1452 auis,

306 1468 399 1520 Ultima
409 1473 428 1518 si
436 1469 517 1520 demas
529 1505 537 1527 ,
548 1473 599 1520 vita
610 1468 698 1519 tuenda
708 1469 812 1518 meaest.

272 1546 340 1596 lianc
350 1563 460 1613 quoque,
477 1548 525 1612 qul
535 1550 593 1612 perii
606 1583 613 1606 ,
628 1546 723 1612 culpam
734 1546 808 1596 scelus
819 1541 866 1594 else
874 1548 985 1612 negabis,

304 1627 328 1674 Si
340 1629 399 1675 tanti
407 1627 475 1674 series
486 1629 516 1675 sit
526 1628 570 1675 tibi
583 1617 641 1675 nota
650 1627 719 1676 mali.

222 1737 256 1781 40
271 1702 319 1752 Aut
330 1706 419 1763 timor,
430 1719 470 1753 aut
479 1721 543 1752 error
551 1706 622 1753 nobis
652 1704 715 1768 priris
726 1702 806 1752 obfuit
817 1716 892 1750 error.

303 1783 340 1830 Ah
351 1782 359 1829 l
379 1785 428 1830 sine
443 1798 483 1831 me
497 1781 541 1830 sati
551 1798 601 1831 non
611 1779 745 1831 meminisse
756 1780 817 1829 mei!

269 1855 338 1906 Neve
346 1857 493 1909 retractando
504 1859 613 1910 nondum
624 1863 733 1908 co'e'untia
746 1873 856 1922 rumpam

302 1934 426 1995 Vulnera,
447 1940 486 1985 vix
495 1937 544 1986 illis
558 1937 666 2002 proderit
676 1939 727 2002 ipsa
741 1939 816 2002 quies.

269 2011 334 2077 Ergo
344 2029 370 2062 ut
382 2019 433 2078 jure
447 2013 531 2063 damus
541 2031 637 2080 peenas,
651 2019 683 2064 sic
697 2013 775 2064 abfuit
785 2028 858 2061 omne

219 2123 249 2169 45
300 2092 401 2140 Peccato
412 2091 502 2141 facinus
512 2092 687 2158 consiliumque
701 2109 765 2141 meo.

268 2166 343 2234 quue
353 2168 417 2216 Deus
427 2169 498 2218 sentit
508 2188 515 2216 ι
525 2185 569 2233 pro
578 2185 628 2235 quo
638 2186 682 2218 nec
695 2169 776 2218 lumen
789 2165 913 2216 adernturn
932 2167 980 2229 est,

222 2269 227 2276 ·
298 2246 350 2294 Nec
364 2248 422 2294 milri
435 2245 547 2297 detraslas
561 2245 667 2311 possidet
677 2248 736 2296 alter
745 2262 810 2311 opes.

266 2323 375 2373 Forsitan
384 2327 443 2373 hanc
452 2326 525 2389 ipsam
537 2359 545 2381 ,
557 2327 622 2374 vivat
634 2323 724 2374 modis!
737 2324 803 2373 liniet
809 2323 870 2372 olim
880 2357 888 2383 ,

299 2403 419 2466 Tempore
433 2402 490 2452 curn
501 2401 573 2450 fuerit
584 2403 661 2472 lenior
675 2406 723 2459 ira,
742 2402 832 2468 sugam.

217 2507 248 2557 5⁰
264 2479 335 2529 Nunc
345 2496 428 2543 precor
435 2482 490 2529 hinc
502 2480 550 2528 alio
559 2480 642 2545 jubeat
654 2479 788 2538 discedere,
806 2483 824 2527 si
836 2495 885 2528 non

295 2558 381 2607 Nostra
391 2557 526 2607 verecundo
541 2573 598 2608 vota
610 2557 700 2623 pudore
714 2573 803 2608 carent.

262 2635 347 2686 Mitius
367 2637 480 2694 exilium,
502 2636 621 2702 pauloque
641 2639 810 2702 propinquius,
828 2651 906 2699 opt03

294 2713 389 2780 Quique
399 2717 429 2763 eit
439 2733 453 2762 a
465 2716 527 2763 sevo
538 2714 632 2780 longitls
644 2715 708 2764 holle
718 2749 726 2773 ,
738 2715 828 2763 locum.

261 2790 402 2857 Quantaque
419 2796 445 2840 in
462 2792 566 2856 Augusto
576 2793 719 2850 clementia,
730 2795 749 2841 si
759 2795 811 2858 quis
822 2793 850 2842 ab
862 2793 907 2844 illo

213 2891 241 2936 55
292 2869 345 2918 Hoc
355 2885 445 2934 peteret
455 2887 497 2934 pro
511 2888 566 2929 me,
578 2871 677 2920 forsitan
688 2871 730 2920 ille
745 2868 821 2920 daret.

238 2941 242 2948 ’
258 2945 354 3009 frigida
364 2965 403 2997 me
415 2949 529 2997 cohibent
543 2949 626 2997 Euxini
639 2949 709 2998 litora
720 2949 802 2997 Pontis

290 3022 374 3072 Disius
389 3025 419 3073 ab
428 3028 533 3091 antiquis
541 3027 634 3076 Axenus
643 3027 684 3076 ille
694 3025 749 3076 fuit.
