2334 3917
110 444 112 453 v
216 412 219 421 '
303 426 370 491 3¹4
441 402 486 470 Ρ.
513 402 882 471 ΟνιωιΝΑεοΝιε

298 526 335 575 Tu
347 540 460 591 quoque,
477 539 518 590 pet
535 522 623 574 durum
638 524 730 577 servato
745 537 839 589 tempus
855 525 957 583 amito,

251 608 280 654 30
328 603 421 668 Dignus
432 618 456 653 es
466 605 491 652 in
504 604 575 653 tanus
585 618 677 653 nomen
687 602 773 652 habete
782 606 849 654 viris.
904 649 919 667 Φ

294 680 389 744 Dignus
400 695 424 729 es
437 698 443 729 ε
456 682 480 730 br
492 684 607 747 qnoniam
620 678 716 731 laudem
727 684 815 746 pietate
825 684 942 741 mereris,

327 757 386 807 Non
403 760 448 808 erit
460 754 534 807 officii
547 761 623 823 gratia
635 756 705 808 surda
722 762 767 808 tui.

294 833 374 885 Crede
394 838 474 897 mibi,
492 836 598 905 nostrum
613 839 633 885 si
651 853 702 887 non
717 835 820 886 mortale
838 836 949 886 fututum

326 912 431 963 Carmen
443 949 451 974 ,
463 916 490 963 in
506 930 548 963 ore
562 913 673 977 frequens
683 915 826 980 posteritatis
835 918 890 963 eris.

246 992 274 1040 ³5
296 990 340 1040 Fac
354 989 430 1041 morib
442 1006 578 1057 permaneas
593 991 673 1056 lapso,
693 994 818 1051 Gracine,
836 988 928 1051 fidelis;

325 1068 402 1119 Durat
412 1072 437 1118 bc
448 1069 474 1118 in
484 1068 567 1134 longas
578 1072 682 1134 impetus
695 1071 737 1119 iste
747 1086 835 1122 moras.

293 1147 352 1209 Qua
368 1162 393 1197 ru
407 1146 461 1197 crim
474 1148 582 1212 prestes,
597 1162 665 1195 remo
684 1162 765 1197 tamen
781 1163 836 1197 uror
852 1152 879 1199 in
897 1166 963 1201 aura.

326 1226 368 1277 Nil
386 1242 458 1278 nocet
477 1224 579 1278 admisso
598 1226 698 1277 subdere
708 1228 785 1279 talcar
800 1246 872 1295 equo.

310 1366 1004 1423 u====aeweffi==m==s

397 1504 738 1568 EPISTOLA
777 1504 888 1566 Vll.

504 1649 778 1713 ATTICO.

290 1741 348 1864 E
359 1832 370 1863 s
380 1806 413 1863 ss'
424 1813 551 1865 salutatum
562 1813 615 1863 vult
624 1827 647 1863 te
656 1828 711 1862 mea
722 1811 792 1861 litera
800 1813 905 1878 primum
956 1847 960 1854 -

320 1892 414 1941 Amale
424 1896 531 1957 pacatis,
543 1892 638 1951 Attice,
651 1888 720 1940 milla
730 1891 807 1941 Getis.

286 1970 397 2019 Proxima
407 1972 555 2036 subsequitur
566 2005 574 2029 ,
588 1964 648 2036 quid
660 1986 734 2035 agas,
749 1968 830 2020 audire
840 1971 967 2037 voluptas:

317 2048 393 2109 Etsi,
406 2046 524 2115 quidquid
534 2064 605 2113 agas,
616 2050 647 2097 sit
656 2048 701 2096 tibi
711 2063 768 2108 cutq
779 2050 837 2097 mei.

255 2136 266 2187 5
286 2126 337 2175 Nec
349 2125 433 2175 dubito
444 2128 503 2190 quin
513 2128 556 2173 sit:
569 2123 610 2174 sed
622 2142 662 2172 me
672 2127 745 2175 timor
755 2128 805 2190 ipse
816 2125 938 2177 malorum

316 2206 382 2269 Saepe
393 2205 548 2268 supervacuos
559 2205 626 2266 cogit
636 2204 721 2251 habere
736 2218 822 2251 metus.

284 2282 324 2331 Da
340 2284 454 2340 veniam,
475 2281 567 2346 qualo,
584 2282 710 2347 nimioque
724 2282 820 2345 ignosce
833 2284 924 2331 timori.

290 2392 292 2399 ,
318 2358 469 2427 Tranquillas
490 2361 561 2409 etiarn
582 2358 710 2423 naufragus
724 2361 806 2409 horret
821 2376 904 2426 aquas.

285 2439 334 2501 Qui
351 2437 423 2489 semel
442 2437 473 2487 est
491 2437 558 2487 lasus
576 2437 657 2487 fallaci
672 2439 742 2502 pistis
757 2438 787 2485 ab
804 2440 895 2493 hamo,
966 2454 971 2459 “

238 2532 267 2564 ιο
317 2517 435 2567 Omnibus
454 2531 514 2566 unca
533 2516 593 2565 cibis
609 2532 656 2567 aeta
671 2513 760 2565 subesse
775 2531 851 2581 putat.

284 2598 349 2660 Saepe
367 2611 450 2646 canem
468 2592 540 2659 longi
557 2595 635 2642 visum
650 2593 713 2657 fugit
723 2610 799 2657 agna,
817 2594 949 2661 lupumque

316 2673 419 2733 Credit3
436 2677 460 2725 bc
477 2675 526 2737 ipsa
545 2674 611 2722 suam
624 2674 703 2721 nescia
711 2674 771 2721 vitat
783 2689 865 2737 opem.

281 2754 393 2805 Membra
403 2749 563 2802 reformidant
577 2750 679 2801 mollem
690 2765 786 2815 quoquc
796 2752 874 2801 saucia
890 2752 976 2800 casium
987 2766 993 2797 t
1069 2796 1070 2814 p

315 2832 429 2897 Vanaque
441 2829 539 2879 solicitis
550 2829 638 2879 incutit
648 2829 732 2877 umbra
743 2841 846 2876 metum.

235 2924 262 2973 ις
282 2911 319 2961 Sic
336 2926 382 2977 epo
399 2910 509 2959 fortunae
527 2906 580 2956 telis
592 2904 699 2957 confixus
716 2907 823 2971 iniquis,

315 2989 410 3038 Pesiore
429 2988 540 3051 concipio
555 2985 590 3035 nil
600 3020 608 3045 ,
620 2987 666 3034 nisi
680 2983 764 3042 triste,
780 3000 845 3032 nico.

281 3066 334 3117 lani
344 3068 404 3117 mihi
416 3066 466 3117 sata
475 3064 568 3129 liquet,
580 3076 673 3128 coeptos
685 3063 801 3109 servantia
815 3062 911 3122 cursus,

313 3144 357 3194 Per
377 3144 422 3193 sibi
438 3143 560 3195 consuetas
576 3143 668 3207 semper
679 3142 742 3189 itura
757 3142 817 3191 uias.
