2334 3917
250 399 321 460 206
390 389 435 458 P.
464 389 622 458 Ovrmr
644 389 859 457 Nrsourr

280 512 374 563 Eviuus
387 511 462 575 longo
473 526 580 576 tempore
592 510 673 562 Caesar
682 515 736 560 erit.

200 590 203 603 '
245 583 964 654 Diquetor,utqueadeb,ueq;enimmihiturbarogeudaei‘i,¹

280 666 375 727 Cesar,
386 664 528 726 adesvoro,
540 670 643 714 maxime
655 667 731 726 Dive,
743 669 808 714 ureb.

245 743 355 803 Interea,
366 743 437 792 statio
445 747 559 810 quoniam
572 747 631 792 mihi
641 744 736 808 publica
746 743 826 792 clausa
840 742 887 796 est,

197 807 230 860 30
280 821 377 872 Privato
386 821 458 870 iiceat
468 819 663 871 delituiiieloco.

248 898 300 950 Vos
310 915 428 965 quoque,
448 901 467 947 si
482 899 516 946 fas
534 899 579 956 est,
593 898 692 950 confusa
702 897 794 963 pudore
805 897 903 963 repulse

278 979 373 1036 Sumite
385 977 483 1042 plebeia
491 979 597 1026 carmina
610 976 689 1026 nostra
703 992 795 1026 manus.

433 1263 682 1328 ELEGIA
721 1261 775 1324 ΙΙ.

247 1353 307 1479 Ε
318 1444 356 1477 uc
367 1430 474 1476 oeratin
485 1426 667 1489 fetisScythiam
676 1441 772 1492 quoque
781 1425 853 1474 visere
861 1425 964 1475 nostris?

280 1505 385 1572 Quaeque
403 1506 524 1566 Lycaonio
535 1521 597 1553 terra
606 1505 649 1552 sub
658 1521 699 1570 :ure
710 1507 788 1569 jacet?

248 1582 301 1633 Nec
318 1599 377 1642 vos,
397 1580 512 1642 Pierides,
524 1599 568 1631 nec
579 1582 645 1646 stirps
656 1583 755 1640 Latoia,
770 1583 846 1633 vestro

280 1660 358 1709 Dubia
367 1659 481 1709 sacerdoti
493 1661 561 1708 turba
573 1659 658 1709 tulistis
667 1663 753 1724 opem?

219 1745 230 1790 5
249 1737 301 1789 Nec
319 1741 396 1797 mibi,
414 1735 480 1804 quod
491 1737 537 1785 lusi
547 1755 605 1786 vero
616 1741 665 1786 siue
676 1741 793 1798 crimine,
807 1736 901 1803 prodest
908 1753 917 1799 3

281 1815 401 1882 Quodque
418 1819 493 1879 magis
507 1815 558 1865 viti
565 1816 634 1865 Musa
645 1817 726 1880 iocosa
737 1833 789 1866 mea
801 1817 832 1864 est
844 1836 852 1874 ς

248 1893 355 1942 Plurima
364 1892 404 1943 sed
420 1894 505 1958 pelago
521 1892 631 1959 tetrique
643 1893 747 1958 pericula
761 1890 854 1959 passum

280 1971 352 2020 Ustur
362 1973 391 2020 ab
402 1971 495 2020 assiduo
507 1970 596 2035 frigore
607 1971 696 2020 Pontus
708 1972 787 2020 babet.

248 2049 345 2114 Quique
360 2048 432 2114 fugax
442 2066 536 2104 rerum,
556 2050 683 2113 secuteque
694 2051 720 2100 in
731 2052 860 2100 otiabatur
870 2083 880 2110 ,

201 2133 233 2168 10
281 2126 401 2177 Mollis&
414 2130 540 2191 impatiens
553 2142 608 2175 ante
619 2126 707 2175 laboris
719 2141 783 2174 eram
793 2143 801 2182 3

248 2205 343 2255 Ultima
351 2221 414 2254 nuuc
422 2208 500 2270 patior
511 2221 571 2253 :nec
581 2223 621 2253 me
631 2221 697 2254 mare
707 2205 821 2268 portubus
831 2202 920 2252 orbum
981 2197 995 2203 ”

280 2282 397 2338 Perdere,
413 2282 511 2332 diverse
520 2299 564 2332 nec
575 2298 674 2348 potuere
681 2286 735 2332 viae.

247 2361 394 2428 suffecitque
405 2361 474 2409 malis
481 2365 589 2410 animur:
600 2376 658 2408 nam
668 2358 793 2428 corputub
803 2355 847 2406 illo

281 2443 380 2504 Accepit
392 2442 474 2498 vites,
491 2442 579 2504 vixque
594 2436 692 2487 ferenda
708 2437 772 2485 tulit.
805 2499 807 2502 Ι

202 2527 230 2577 ¹5
247 2519 315 2570 Dum
326 2533 406 2567 tamen
417 2520 442 2565 &
453 2519 530 2567 ventis
541 2514 627 2564 dubius
633 2516 735 2581 jaiiabur
750 2517 775 2562 &
788 2507 857 2562 undis
867 2541 877 2570 ,

279 2599 299 2647 F
300 2596 387 2646 allebat
405 2611 472 2644 cutes
486 2609 596 2660 egraque
606 2590 679 2642 corde
690 2592 767 2640 labor.

247 2673 284 2723 Ut
294 2676 333 2722 via
345 2672 413 2722 finita
426 2671 476 2731 est,
488 2675 515 2720 bt
525 2686 585 2735 opus
594 2671 711 2734 requievit
722 2665 793 2717 eundi
802 2700 811 2728 ,

280 2751 312 2800 Et
326 2767 402 2816 poeuae
416 2749 488 2799 tellus
505 2749 538 2798 est
552 2750 613 2796 mibi
626 2750 685 2796 tabia
701 2763 776 2804 ωας

246 2826 292 2878 Nil
301 2832 348 2878 nisi
357 2827 414 2878 flere
421 2829 481 2877 libet
489 2846 497 2875 e
506 2843 550 2876 uec
560 2826 641 2876 nostro
652 2829 744 2892 parcior
754 2823 831 2873 imber

202 2918 232 2952 ιο
283 2906 384 2954 Lumine
395 2939 404 2966 ‚
421 2904 452 2955 de
462 2905 535 2957 verni
545 2905 620 2970 quim
630 2905 686 2956 nive
695 2917 777 2952 manat
787 2917 856 2968 aqua.

250 2984 328 3033 Roma
337 2974 470 3048 domuequ'e
478 2984 541 3031 subit
552 3017 559 3042 ,
570 2979 762 3044 desideriumque
772 2980 884 3030 iocorum
894 3010 905 3042 ,

282 3057 443 3126 Quidquid&
454 3059 539 3112 amissi
548 3060 619 3112 restat
626 3063 651 3110 iu
662 3059 727 3111 Urbe
738 3061 795 3112 mei·
