2334 3917
263 426 333 488 224
407 404 450 470 P.
479 407 635 474 Orrnrr
656 410 850 477 NAs‘onrs

261 530 310 586 Tot
321 536 382 585 mala
393 539 445 586 sum
457 537 549 602 fugiens
560 539 662 600 tellure,
679 556 715 590 tot
726 559 819 608 aequore
831 540 924 607 pallus,

213 616 243 653 ⁶³
293 615 328 661 Te
338 629 434 680 quoque
444 631 471 665 ut
480 614 567 666 auditis
578 615 644 682 polle
655 617 736 669 dolere
747 637 838 685 putem.

261 691 339 741 Crede
353 696 429 753 mihi,
448 698 467 742 si
477 698 507 742 sit
517 697 585 743 nobis
596 697 697 746 collatus
707 693 818 758 Ulysses‚

294 771 401 835 Neptuni
416 776 497 822 minor
507 773 556 832 est,
571 774 644 840 quim
660 777 723 824 Jovis
741 779 774 824 ira
785 775 839 825 fuir.

262 849 326 913 Ergo
336 852 482 915 quicumque
494 867 516 899 ts
526 887 534 910 ,
546 851 677 902 rescindere
688 853 785 902 vulnera
793 853 843 902 noli
850 871 860 913 3

295 926 380 992 Deque
391 931 458 991 gravi
465 927 534 976 duras
545 929 623 977 ulcere
632 929 690 978 tolle
701 946 801 978 manus:

212 997 241 1051 ⁶5
262 1003 341 1069 thue
350 1020 408 1054 meae
420 1004 509 1054 famam
523 1014 621 1055 renuent
631 1007 721 1056 oblivia
733 1008 827 1072 culpae,

293 1082 351 1132 Fata
367 1084 502 1131 cicatricem
517 1082 603 1132 ducere
614 1085 692 1133 nostra
704 1088 761 1133 sine.

261 1161 424 1224 Humanaeque
432 1177 525 1210 memor
535 1162 618 1216 sortis,
630 1179 683 1227 quae
695 1163 761 1212 tollit
772 1159 885 1219 eosdem,
896 1227 898 1229 Ι

295 1239 325 1286 Et
338 1242 426 1302 premit
437 1256 445 1298 3
457 1243 557 1288 incertas
569 1241 619 1304 ipse
629 1255 706 1288 verere
720 1243 791 1290 vices.

266 1318 295 1365 Fr
306 1320 422 1382 quoniam
441 1350 449 1376 ,
463 1316 513 1366 lieri
522 1315 728 1383 quodnumquam
738 1315 804 1384 polle
812 1321 913 1384 putavi,

214 1406 244 1448 70
294 1395 334 1443 Est
344 1395 388 1444 tibi
399 1393 428 1444 de
439 1396 506 1444 rebus
517 1397 622 1444 maxima
633 1398 771 1454 curameis3

263 1471 320 1521 Non
331 1471 363 1520 est
373 1470 545 1537 quodtimeas:
558 1472 654 1522 fortuna
667 1474 797 1521 miserrima
811 1472 889 1520 nostra
897 1473 940 1522 est.

294 1550 373 1599 Omne
383 1553 456 1599 trahit
466 1554 545 1600 secum
557 1549 659 1603 casaris·
667 1555 701 1600 ira
711 1551 811 1600 malum.

263 1626 417 1693 Quodmagis
425 1644 452 1678 ut
462 1629 569 1694 liqueat,
581 1645 640 1679 neve
652 1631 698 1677 hoc
710 1629 753 1677 tibi
760 1626 848 1693 lingere
857 1626 959 1689 credm,

263 1717 269 1722 ·
296 1707 348 1773 lpse
357 1705 432 1758 velim
438 1723 521 1773 ponas
531 1709 649 1773 experiare
657 1723 731 1757 meas.

276 1838 955 1911 ‹Qualem›

341 1981 657 2045 -ELEGIA
697 1981 805 2043 XII.

266 2078 317 2190 F
319 2160 427 2194 arnone
433 2149 482 2210 jam
493 2143 598 2209 Zephyri
608 2145 855 2208 minuunt-,annoque
863 2144 974 2207 perillo,

297 2222 404 2288 Longior
414 2225 517 2290 antiquit
525 2224 575 2273 visa
584 2223 681 2273 Maeotis
690 2226 764 2272 hiems
776 2241 782 2271 r

263 2303 448 2367 impositamque
458 2302 502 2350 sibi
512 2303 554 2367 qui
565 2317 615 2350 non
627 2303 686 2350 bene
698 2300 796 2366 pertulit
805 2299 906 2359 Hellen,

296 2380 416 2441 Tempora
429 2379 550 2426 nollurnis
557 2393 626 2442 aequa
636 2375 721 2428 diurna
732 2376 799 2426 facit.

232 2464 244 2512 5
264 2459 316 2505 lum
325 2457 417 2506 violam
427 2458 543 2521 puerique
550 2455 635 2520 legunt
645 2455 777 2520 hilaresque
789 2452 891 2519 puelle,

299 2534 393 2584 Rustica
403 2550 475 2599 quam
483 2533 552 2583 nullo
564 2548 625 2582 terre
635 2535 724 2582 serente
736 2536 805 2598 gerit.

252 2651 255 2664 r
265 2613 382 2676 Prataque
392 2611 524 2676 pubescunt
532 2614 655 2660 variorum
668 2609 726 2659 flore
736 2610 847 2659 colorum
856 2644 866 2670 ,

298 2687 447 2752 indocilique
455 2687 543 2752 loquax
553 2701 648 2751 gutture
658 2701 741 2737 vernat
755 2691 812 2736 avis.

266 2763 348 2829 thue
357 2764 426 2813 malae
437 2768 527 2812 crimen
539 2767 620 2814 matris
632 2763 736 2830 deponat
745 2762 865 2825 hirundo,

220 2873 248 2903 ,Ο
271 2832 274 2838 ’
298 2843 345 2890 Sub
356 2843 461 2892 trabibus
469 2859 540 2892 cunas
553 2859 675 2908 parvaque
691 2845 750 2892 rena
764 2841 830 2890 facit.

170 2971 173 2974 ,
267 2920 392 2986 Herbaque
403 2955 412 2981 ‚
432 2937 484 2985 quae
494 2919 565 2968 latuit
575 2919 714 2970 Cerealibus
725 2920 811 2971 obruta
821 2916 911 2976 sulcis,

300 2997 390 3047 Exserit
401 3015 413 3046 e
427 2995 506 3064 tepidi
518 2996 595 3047 molle
604 3013 718 3047 cacumen
729 3000 813 3047 humo.

268 3075 370 3145 Quoque
380 3075 435 3126 loco
446 3075 541 3128 estvitir
553 3073 602 3139 ,de
617 3075 716 3141 palmite
727 3091 823 3140 gemme
834 3088 961 3126 moretur:
