2334 3917
269 400 410 468 Earsr.
433 413 490 465 nx
514 392 668 466 Ponto
691 393 730 462 L
757 396 804 480 Ι..
828 411 901 484 297·

216 515 314 580 Haeret,
326 524 352 570 δι
366 519 505 568 exstinctum
516 520 596 567 vivere
608 515 677 580 fingit
689 531 765 563 amor.

187 595 250 660 Saepe
260 597 334 647 refert
343 599 436 645 animus
446 595 508 644 lusus
519 597 634 659 gravitate
647 588 750 642 carentes
762 611 769 641 a

217 676 280 724 Seria
296 691 353 723 cum
369 672 463 740 liquida
476 674 535 737 saepe
548 675 640 737 peraeta
651 669 708 720 fide.

185 745 258 798 Nulla
276 767 357 801 tamen
374 753 475 800 subeunt
489 752 550 798 mihi
566 765 674 814 tempora
686 747 780 800 demitis
793 747 855 806 illis,
887 743 889 748 ’

217 827 276 888 Quae
290 828 379 878 vellem
394 832 449 879 vitae
465 831 559 877 summa
576 823 645 876 fuisse
661 843 729 876 meae.
794 887 796 891 Ι
887 819 889 822 ’

187 902 252 954 Ctlm
262 905 348 955 domus
360 908 451 974 ingenti
461 903 540 954 subitb
554 921 608 953 mea
624 904 687 970 lapsa
700 903 770 952 ruind

213 981 347 1042 Concidit,
358 987 384 1032 iu
394 981 488 1032 domini
500 983 675 1048 procubuitque
690 995 770 1046 caput.

184 1048 269 1109 Adfuit
277 1060 319 1109 ille
329 1063 404 1120 mihi,
422 1061 478 1109 culm
493 1075 545 1125 pars
561 1075 600 1108 me
614 1077 701 1124 magna
717 1059 831 1126 reliquit,

216 1136 322 1186 Maxime
333 1157 341 1197 3
353 1140 464 1187 fortunae
475 1155 518 1186 nec
530 1138 576 1187 fuit
587 1140 636 1203 ipse
647 1154 735 1188 comta.

185 1210 258 1263 Illum
268 1232 314 1280 ego
323 1232 372 1265 non
382 1216 452 1267 aliter
461 1215 559 1264 flentem
570 1213 624 1264 mea
635 1216 717 1265 funera
726 1214 793 1275 vidi,

219 1290 345 1342 Ponendus
357 1293 430 1360 qulm
445 1297 464 1342 si
477 1286 550 1342 frater
565 1282 591 1342 in
606 1297 661 1358 igne
674 1293 744 1342 foret.

186 1369 260 1420 Haesit
273 1373 299 1418 in
309 1371 437 1436 amplexu,
448 1371 631 1436 consolatusque
645 1375 765 1436 jacentem
779 1370 812 1418 est
827 1388 833 1417 τ

217 1446 329 1513 Cumque
339 1451 398 1497 meis
409 1448 520 1510 lacrymis
531 1451 626 1497 miscuit
640 1465 714 1514 usque
726 1450 786 1497 sues.

186 1523 224 1574 ΟΞ
237 1529 330 1590 quoties
339 1559 348 1584 ,
359 1529 415 1576 vitae
430 1527 506 1575 custos
514 1529 607 1574 ,invisus
617 1542 702 1575 amarae
712 1561 721 1585 ,

218 1602 349 1654 Continuit
358 1618 480 1667 proruptas
492 1606 517 1652 in
529 1621 582 1652 mea
593 1603 642 1652 fata
652 1618 735 1651 manus
745 1603 751 1650 Ξ

184 1679 220 1729 0!
233 1685 327 1745 quoties
337 1680 414 1741 dixit,
427 1680 552 1730 Placabilis
563 1685 598 1730 ira
609 1682 716 1730 Deorum
728 1680 769 1730 est.

217 1758 293 1818 Vive,
304 1777 348 1811 uec
360 1761 450 1823 ignosci
464 1775 488 1808 tu
501 1760 544 1808 ribi
555 1757 621 1824 polle
631 1775 701 1823 nega.

183 1836 239 1886 Vox
251 1832 330 1886 tamen
348 1838 391 1886 illa
404 1837 451 1886 fuit
461 1836 629 1896 celeberrima,
641 1837 739 1902 Respice
751 1852 866 1902 quantum

146 1935 148 1937 ¹
216 1913 309 1964 Debeat
320 1915 401 1963 auxilii
413 1915 533 1965 Maximus
546 1911 592 1963 tile
606 1904 658 1963 tibi.

182 1991 304 2042 Maximus
320 1992 463 2051 incumbet3
481 1993 576 2058 quaque
594 1993 626 2042 est
642 1993 745 2057 pietate,
756 1993 866 2056 rogabit,
917 2041 918 2046 ,

215 2070 253 2119 Ne
264 2074 296 2119 sit
303 2069 334 2119 ad
345 2087 477 2119 extremum
487 2069 588 2121 Caesaris
598 2073 632 2121 ira
644 2085 722 2120 tenax.

176 2145 296 2212 <Cumque
311 2149 357 2196 suis
373 2147 452 2197 fratris
469 2150 529 2198 vires
545 2147 684 2210 adhibebit,
697 2153 722 2200 δι
733 2166 848 2210 omnem,

213 2225 273 2286 Quo
285 2225 359 2274 levitis
370 2223 465 2281 doleas,
482 2230 614 2290 experietur
630 2244 711 2292 opem.
882 2225 884 2228 ’

183 2302 242 2352 llaec
260 2305 321 2352 mihi
339 2304 410 2354 verba
427 2302 496 2352 mala
511 2307 649 2354 minuerunt
664 2303 734 2354 raedia
747 2308 802 2354 vitae
818 2324 824 2350 z

216 2380 276 2442 Quae
292 2396 336 2441 tu,
351 2397 380 2429 ne
395 2381 484 2430 fuerint
493 2417 502 2441 ,
512 2382 636 2442 Maxime,
648 2399 723 2442 vana,
735 2397 800 2430 cave.

180 2457 238 2507 Huc
253 2475 368 2524 quoque,
385 2475 514 2508 venturum
530 2461 591 2509 mihi
608 2462 631 2509 se
648 2463 724 2525 jurare
741 2459 853 2516 solebat,

215 2534 274 2584 Non
292 2538 337 2584 nisi
356 2551 378 2585 te
395 2535 473 2602 longa
489 2540 526 2598 jus
543 2538 588 2586 sibi
603 2535 675 2588 dante
689 2540 743 2588 viae.

180 2611 247 2661 Nam
267 2627 308 2662 tua
321 2630 371 2662 non
389 2613 437 2663 ¹alio
455 2614 532 2664 coluit
549 2605 680 2679 penetralia
697 2603 793 2680 ritu,v

214 2691 344 2739 Terrarum
355 2689 468 2740 dominos
478 2691 553 2758 qudm
567 2692 627 2742 colis
641 2693 691 2758 ipse
701 2692 776 2759 Deos.
841 2708 844 2714 ’

174 2765 263 2818 -Crcde
274 2770 335 2816 mihi
346 2785 353 2817 ι
364 2768 455 2817 multos
465 2771 550 2818 habeas
561 2769 617 2819 cdm
629 2768 714 2834 dignus
725 2773 832 2830 amicos,

213 2845 273 2895 Non
283 2845 331 2894 fuit
342 2862 355 2894 e
365 2846 447 2894 multis
460 2846 571 2913 quolibet
584 2846 626 2896 ille
641 2850 734 2897 minor.
749 2875 750 2878 =

177 2923 204 2970 Si
223 2921 302 2972 modo
319 2940 363 2973 nec
381 2925 480 2984 census,
496 2939 541 2973 nec
559 2924 651 2974 clarum
669 2942 759 2974 nomen
779 2940 878 2976 avorum
888 2960 896 2984 ,

213 2999 261 3049 Sed
270 3002 376 3065 probitas
386 3017 504 3066 magnos,
516 3004 702 3072 ingeniumque,
716 3002 782 3052 facit.
916 3008 947 3052 *10

175 3078 235 3129 Jure
245 3080 319 3144 igitur
329 3077 446 3144 lacrymas
455 3077 529 3132 Celso
540 3079 643 3132 libamus
653 3079 766 3140 ademto,
815 3121 818 3128 .

729 3165 753 3216 N
771 3181 788 3218 v
