2334 3917
280 426 421 493 Errsr.
446 438 503 489 nx
525 420 680 489 Ponto
702 420 741 487 L.
766 421 795 486 I.
834 439 899 517 2⁹5

223 547 252 596 Se
261 552 332 598 nimis
340 547 472 604 ulciscens,
490 543 577 592 exstitit
590 543 743 607 ipsenocens.
923 548 952 582 20

188 623 222 673 At
233 628 295 686 tibi,
310 628 360 676 Rex
372 641 441 682 aevo,
454 621 539 681 detur,
555 622 684 671 fortissime
695 619 791 680 nostro,

220 704 317 769 Semper
330 702 449 752 honorari
462 703 553 765 sceptra
563 714 643 748 tenete
654 713 736 746 manu.
837 705 840 711 “

187 777 285 845 Teque,
296 780 393 848 quod&
402 780 503 845 prestas,
512 776 571 844 quid
578 780 642 826 euim
650 777 695 825 tibi
706 775 798 840 plenius
806 779 899 840 optem?

219 856 308 906 Martia
319 874 374 906 sum
382 873 469 922 magno
479 855 573 906 Caesnte
584 855 663 903 Roma
673 855 766 918 probet.

185 929 232 980 Sed
246 949 340 983 memor
350 933 413 984 unde
424 937 489 994 abii,
503 949 607 1000 queror,
620 949 635 980 o
645 929 749 996 jucunde
760 929 863 981 sodalis!
916 939 943 985 25
963 930 967 935 '

217 1008 339 1061 Accedant
351 1012 435 1061 nostris
445 1014 505 1062 [ενι
515 1009 582 1077 quod
593 1025 659 1058 arma
668 1009 748 1058 mulis.
922 1009 924 1014 ’

184 1083 221 1135 Ut
230 1102 300 1138 careo
309 1091 377 1139 vobis
389 1091 481 1155 Stygias
494 1088 601 1139 detrusus
614 1091 640 1136 in
651 1103 719 1148 oras,

215 1163 335 1223 Quattuor
344 1183 472 1217 autumnos
484 1166 560 1217 Pleias
569 1181 623 1215 orte
631 1165 699 1215 fatis.
768 1175 770 1180 '

86 1228 87 1257 ³
182 1237 235 1290 Nee
254 1258 279 1292 tu
291 1241 418 1296 credideris
431 1247 526 1296 urbanae
538 1244 669 1296 commode
683 1248 738 1297 tit:
754 1233 757 1240 ⁴

215 1318 325 1379 Quterere
337 1322 458 1374 Nasonem
470 1341 476 1371 ε
488 1325 573 1390 quierit
590 1327 614 1373 ὃ(
627 1323 670 1373 ilia
682 1338 770 1374 tamen.
914 1334 943 1380 30

181 1394 246 1445 Nam
258 1397 334 1449 modd
343 1417 386 1451 vos
398 1403 480 1450 animo
491 1398 572 1450 dulces
583 1403 742 1463 reminiscor,
757 1407 827 1454 amisi
840 1423 848 1464 3
951 1457 952 1462 ,

212 1473 284 1525 Nunc
295 1481 354 1526 mihi
365 1495 420 1528 cum
432 1496 486 1529 cara
496 1484 599 1545 conjuge
611 1495 666 1530 nata
674 1480 751 1530 subit:
806 1506 813 1522 ι

179 1553 246 1619 Eque
260 1553 336 1606 domo
349 1560 427 1607 rursus
438 1558 542 1622 pultbrae
550 1557 605 1606 loca
614 1573 694 1608 vertor
705 1557 735 1608 ad
746 1559 817 1609 Urbis
828 1595 836 1619 ,

211 1629 350 1700 Cunsiaque
358 1649 425 1684 mens
435 1636 511 1684 oculis
522 1634 630 1700 pervidet
641 1635 683 1684 illa
694 1638 748 1685 suis.

170 1709 249 1761 'Nunc
259 1711 329 1772 fora,
346 1729 409 1762 nunc
420 1711 494 1771 redes,
507 1729 571 1762 nune
579 1729 699 1762 marmore
712 1715 887 1776 testatissima,
910 1731 935 1774 35
967 1743 973 1760 1

209 1790 280 1840 Nunc
293 1793 355 1840 iirbit
365 1791 459 1857 equari
467 1795 573 1856 possitus
584 1795 663 1840 omnis
674 1793 758 1841 humo.

176 1868 291 1920 Gramina
303 1885 366 1918 nunc
375 1869 477 1935 Campi,
490 1869 602 1935 pulchros
615 1871 738 1934 spectantis
754 1873 779 1918 in
789 1873 871 1919 hortos
879 1907 887 1931 ,

207 1949 342 2013 stagnaque
358 1951 382 1996 bt
398 1947 498 2013 Euripi,
516 1949 689 2013 Virgineusque
702 1947 789 2013 liquor.

173 2023 221 2082 At,
241 2037 317 2088 puto,
331 2025 365 2071 sic
373 2021 444 2071 Urbis
455 2025 543 2072 misero
554 2025 587 2072 est
599 2037 679 2089 erepta
689 2024 799 2089 voluptas
810 2059 819 2079 ,

204 2100 322 2162 Quolibet
331 2116 358 2150 ut
367 2101 450 2150 saltem
461 2119 513 2151 rure
524 2103 571 2151 frui
579 2101 658 2151 licent.
904 2133 934 2174 40

171 2177 230 2229 Non
246 2197 313 2229 meus
330 2179 426 2229 emissos
440 2183 534 2230 animus
550 2179 669 2230 desiderat
680 2195 766 2246 agros,
840 2243 842 2250 Ι

203 2257 315 2324 Ruraque
324 2258 423 2323 Peliguo
431 2257 598 2324 conspicienda
609 2259 661 2307 solo
672 2277 679 2306 ε

170 2334 223 2386 Nec
234 2353 295 2402 quos
305 2336 410 2401 piniferis
421 2339 511 2401 positos
520 2339 546 2386 iu
558 2337 661 2386 collibus
671 2339 755 2386 hortos

201 2415 295 2478 Speaat
309 2414 432 2463 Flaminiae
443 2411 532 2463 Clodia
547 2415 626 2477 juniis
638 2415 691 2462 viae.

169 2488 237 2552 Quos
247 2506 293 2555 ego
302 2493 382 2541 nescio
393 2495 432 2541 tui
443 2492 523 2547 colui,
538 2493 624 2558 quibus
639 2493 687 2556 ipse
702 2490 808 2540 solebam
900 2518 929 2566 45

204 2566 243 2617 Ad
254 2569 303 2618 sata
314 2569 442 2629 fontanas,
454 2586 498 2618 nec
508 2567 583 2634 pudet
595 2605 603 2630 ,
621 2567 707 2618 addere
718 2586 798 2634 aquas.

166 2647 228 2698 Sunt
237 2649 284 2700 rbi,
301 2651 319 2696 si
327 2650 411 2696 vivunt
442 2648 523 2698 nostrai
536 2664 633 2714 quoque
643 2650 734 2696 consita
745 2645 880 2743 ΨΜ,

199 2723 246 2775 Sed
262 2741 312 2774 non
327 2729 352 2774 ὃ(
363 2725 442 2774 nostri
451 2743 525 2790 poma
540 2724 640 2791 legenda
650 2735 732 2773 matru.

164 2801 212 2853 Pro
224 2802 312 2868 quibus
321 2805 428 2861 arnissis,
445 2808 537 2852 utinam
548 2807 686 2868 contingere
697 2806 771 2867 possit

197 2880 246 2930 Hic
255 2880 338 2929 saltem
347 2881 452 2946 profugo
466 2881 537 2946 gleba
547 2880 650 2932 colenda
660 2881 736 2930 mihi!
898 2892 927 2934 i0

163 2958 217 3024 Ipse
236 2975 283 3023 ego
300 2957 450 3023 pendentes,
468 2960 540 3008 liceat
552 2958 646 3021 modd,
662 2976 720 3025 rupe
738 2961 858 3026 capellus,

196 3035 248 3101 Ipse
265 3035 338 3087 velim
353 3038 440 3087 baculo
452 3039 545 3102 passere
555 3041 624 3087 nixus
634 3053 700 3090 oves.
912 3045 915 3050 “

164 3115 217 3183 lpse
227 3131 287 3184 ego,
296 3131 327 3166 ne
337 3115 415 3168 solitis
424 3116 531 3170 insistant
545 3119 641 3184 pesiott
650 3118 731 3174 curis,

698 3198 767 3252 Nir
