2334 3917
302 412 583 482 Tarsrrtrrr
607 404 706 476 er.
726 403 796 474 III.
851 423 921 492 2²7

204 532 259 583 Nec
274 529 331 581 dare
351 546 403 580 tura
418 529 478 579 libet
488 565 496 589 ,
506 529 566 579 nihil
583 531 704 578 exorantia
715 527 791 578 Divos
805 547 811 576 r

238 611 266 658 ln
277 613 348 658 tantis
363 610 464 657 subeunt
474 623 517 656 nec
529 609 593 656 bona
603 609 676 656 verba
686 608 764 656 malls.

204 689 228 736 si
245 703 325 736 tamen
335 687 369 734 est
379 683 471 751 aliquid
483 686 554 734 nobis
569 687 614 734 hac
632 684 684 734 luce
695 683 841 749 petendum,
936 700 964 747 ις

150 803 162 818 2
236 766 264 816 ln
272 767 325 814 loca
337 781 367 813 ne
378 762 459 812 redeas
470 763 573 827 amplius
583 762 642 822 ista,
654 779 737 827 precor
749 780 755 809 :

203 842 270 892 Dum
287 860 340 902 me,
359 856 473 892 terrarum
486 857 538 905 pars
552 857 618 904 paene
635 843 764 890 novissima
775 875 786 902 ,
798 841 902 902 Pontus,

235 921 323 970 Euxini
333 921 395 970 falso
406 923 505 970 nornine
521 919 613 998 dielus,
633 921 713 970 habet.

224 1073 901 1148 ‹ssQ-m»

350 1188 768 1284 errcrlxrr

207 1317 366 1437 Cueror
382 1387 407 1432 8(
426 1383 518 1432 antistes
531 1381 656 1432 doetorum
672 1384 747 1432 sanae
758 1385 886 1444 virorum,

235 1462 284 1522 Qui
299 1462 356 1510 facis
366 1465 464 1525 ingenio
473 1463 563 1526 semper
573 1464 649 1511 amice
662 1477 734 1520 meo3
951 1521 955 1528 Ι

201 1539 310 1607 Ecquid,
323 1554 349 1589 ut
364 1539 512 1588 incolumem
523 1537 647 1605 quondam
655 1539 772 1588 celebrare
782 1539 873 1588 solebas
884 1573 893 1602 ,

233 1619 306 1668 Nunc
318 1633 431 1684 quoque,
451 1634 481 1666 ne
490 1616 573 1667 videar
590 1632 655 1666 totus
664 1613 758 1676 rebelle,
776 1631 843 1666 caves
854 1621 864 1665 Ξ

201 1693 306 1758 Colligis
317 1726 326 1747 ,
343 1695 460 1757 exceptis,
477 1689 563 1757 ecquid
574 1708 628 1742 mea
639 1694 760 1750 carmina,
771 1688 828 1740 solis
936 1702 947 1748 5

234 1773 344 1831 Artibus,
358 1769 444 1819 artifici
455 1787 508 1835 quae
523 1785 626 1819 nocuere
639 1770 695 1820 suo?

166 1885 171 1905 ,
200 1850 282 1898 Immo
291 1852 325 1897 ita
336 1848 391 1907 fac,
409 1861 508 1902 vatum,
530 1849 611 1914 quaeso
622 1880 631 1906 ,
643 1844 744 1895 studiose
762 1861 879 1894 novorum
891 1863 898 1892 r

233 1925 335 1991 Quique
354 1941 439 1989 poter,
455 1927 530 1974 retine
546 1939 632 1989 corpus
643 1927 670 1973 in
680 1923 745 1972 Urbe
756 1939 846 1973 meum.

199 2003 240 2053 1².st
250 2003 307 2068 fuga
318 2001 379 2052 dista
389 2005 466 2063 mihi,
485 2019 535 2052 non
545 2003 577 2052 ell
588 2002 645 2067 fuga
655 2000 716 2052 dian
727 2002 813 2052 libellis
824 2037 834 2062 ,

233 2081 281 2141 Qui
292 2079 386 2131 domini
397 2097 493 2146 poenam
508 2097 558 2132 non
569 2097 675 2131 meruere
690 2083 734 2130 sui.
934 2102 964 2135 ιο

199 2160 264 2224 Saepe
275 2175 316 2224 per
327 2174 443 2209 extremas
454 2158 568 2225 profugus
584 2175 650 2224 pater
664 2159 754 2210 exsulat
765 2176 817 2210 oras
829 2179 839 2220 3

231 2235 298 2284 Urbe
309 2252 389 2286 tamen
403 2241 464 2287 narie
481 2238 567 2287 exsulis
577 2237 624 2287 effe
634 2237 699 2288 licet.

201 2311 305 2362 Palladis
317 2315 427 2378 exemplo
440 2349 448 2374 ,
463 2314 493 2364 de
505 2319 603 2365 mesine
619 2331 694 2365 matre
706 2331 784 2366 creata

231 2387 348 2439 Carmina
364 2391 435 2438 sunt:
448 2389 514 2454 stirps
525 2392 575 2439 haec
586 2391 756 2455 progeniesque
766 2404 819 2437 mea
835 2389 874 2436 est.

199 2465 267 2516 Hane
284 2470 329 2516 tibi
346 2466 492 2517 commendo
504 2487 510 2516 ε
523 2484 575 2534 que
587 2483 637 2533 quo
648 2471 722 2532 magle
729 2468 788 2517 orba
799 2481 912 2532 parente,
933 2479 960 2525 ¹5

230 2543 285 2593 Hoc
296 2545 340 2592 tibi
351 2548 425 2593 tutori
435 2547 526 2595 sarcina
536 2550 614 2610 major
622 2546 675 2593 erit.

198 2621 256 2670 Tres
270 2624 332 2671 mibi
343 2625 397 2672 sune
410 2626 461 2672 nari
470 2626 582 2689 contagia
592 2623 671 2674 nostra
680 2625 754 2676 securi
765 2642 773 2674 e

230 2697 317 2749 Cetera
329 2700 367 2749 fae
377 2717 438 2749 cura
449 2704 480 2751 sit
490 2702 534 2750 tibi
545 2701 615 2752 turba
626 2701 715 2767 palam.

197 2775 258 2825 Sunt
271 2792 368 2842 quoque
378 2793 476 2829 mutate
485 2794 520 2829 ter
531 2782 637 2846 quinque
648 2780 773 2830 volumina
784 2780 886 2844 format,

229 2851 346 2904 Carmina
356 2853 387 2905 de
401 2853 496 2906 domini
511 2857 594 2907 funere
605 2871 672 2923 rapta
681 2858 725 2906 sul.
930 2857 961 2891 ²⁰

195 2928 260 2980 Illud
266 2947 332 2997 opus
349 2936 429 2997 potuit
441 2968 450 2993 ,
467 2937 486 2984 si
498 2951 549 2985 non
559 2933 624 3000 prilla
634 2936 683 3000 ipse
696 2933 824 3000 perlllem,

227 3007 325 3058 Certiue
336 3027 351 3060 a
364 3011 460 3061 summi
477 3028 568 3062 nomen
582 3013 668 3062 habere
680 3029 761 3062 manu.

201 3085 272 3137 Nunc
283 3090 441 3139 incorrestum
452 3091 535 3158 populi
545 3093 652 3157 pervenit
661 3093 685 3141 in
697 3107 738 3141 ora
750 3109 756 3140 =

741 3173 798 3242 va
