2334 3917
179 424 180 428 =
266 382 533 449 Tursnr'urr
561 348 736 443 buil.
797 400 859 465 193

150 500 248 552 Scilicet
259 503 369 566 imperii,
381 500 507 562 Princeps,
518 498 617 547 statione
627 496 728 558 relieli,

185 582 318 645 imparibus
327 579 416 643 legeres
427 578 533 626 carmina
544 575 605 624 falia
614 575 711 625 modia!
869 588 915 620 220

150 658 210 707 Non
218 674 244 706 ea
256 672 278 706 te
291 656 368 710 moles
383 656 487 703 Romani
500 656 605 703 nominis
617 668 701 717 urget,

183 736 258 801 inque
275 738 320 783 tuis
331 735 436 783 humeris
448 740 498 781 tarn
509 731 561 780 leve
571 729 645 780 fertur
655 728 731 787 orr'ur3

151 812 253 861 Lusa'bue
262 826 289 861 ut
299 814 373 877 possis
385 808 508 861 advertere
519 824 610 857 uurneu
619 810 722 873 ineptis,

183 890 342 955 Excutietque
350 888 426 937 oculis
437 890 488 935 otia
496 885 574 935 nostra
585 888 640 935 tuir.

151 967 277 1017 Nunctibi
285 968 407 1015 Pannonia
417 964 467 1025 est,
478 970 541 1013 nunc
553 963 632 1027 Illyris
642 980 686 1013 ora
694 961 816 1015 domanda
828 984 834 1015 ι
871 970 914 1014 ²25

186 1046 293 1093 Rharica
304 1060 367 1092 nunc
376 1043 498 1107 praebeur,
510 1042 659 1107 Thraciaque
671 1058 750 1102 arma,
760 1055 869 1101 metum,

151 1122 226 1173 Nunc
235 1124 296 1187 petit
306 1120 431 1170 Armenius
441 1135 525 1185 pacem
533 1138 540 1168 e
547 1135 612 1169 nunc
619 1122 721 1185 porrigit
731 1137 798 1170 arcus

186 1204 287 1253 Parthus
298 1216 385 1267 eques,
397 1196 483 1249 timidi
494 1212 611 1264 captaque
621 1200 688 1263 signa
696 1216 779 1250 mauu.

152 1280 226 1331 Nunc
238 1293 261 1329 re
272 1279 340 1345 prole
351 1277 393 1327 tui
402 1281 514 1342 iuvenem
525 1276 655 1326 Germania
662 1280 748 1339 sentit,

185 1356 300 1422 Bellaque
307 1372 350 1422 pro
361 1370 450 1420 magno
458 1352 640 1405 CaesareCaesar
649 1357 711 1406 obit.
808 1359 814 1368 '
873 1375 920 1421 ²30

150 1432 281 1500 Denique,
293 1448 319 1482 ut
327 1436 351 1481 in
362 1447 430 1483 tauro
439 1467 446 1491 ‚
456 1445 573 1499 quantum
584 1448 634 1481 non
644 1434 732 1484 exstitit
739 1451 870 1504 umquam,

188 1510 313 1577 Corpore,
325 1525 377 1574 pare
388 1508 454 1559 nulla
466 1508 499 1558 est
510 1525 563 1573 quae
573 1509 638 1559 labet
648 1514 742 1575 imperii
752 1533 771 1573 i,

79 1630 80 1633 ,
152 1590 219 1639 Urbs
229 1603 325 1655 quoque
336 1602 358 1637 te
366 1590 389 1637 δι
401 1587 482 1652 legum
494 1584 562 1635 laisar
572 1587 647 1637 tutela
660 1602 773 1647 tuarum,

188 1666 221 1715 Et
235 1680 350 1724 morum,
367 1664 456 1715 similer
467 1680 527 1732 quoa
537 1668 605 1730 cupis
615 1662 661 1715 effe
672 1670 726 1716 tuis.

153 1744 209 1796 Nec
220 1746 264 1794 tibi
275 1747 436 1809 contingunt,
448 1760 500 1809 qu:
513 1744 622 1807 gentibue
633 1746 682 1794 oria
693 1747 800 1810 praeliae3
876 1764 920 1811 ²35

187 1822 302 1889 Bellaque
314 1838 369 1871 cum
381 1821 462 1870 multis
476 1822 604 1887 irrequieta
614 1825 684 1886 geris.

154 1900 232 1952 Mirer
242 1902 267 1949 iu
278 1902 324 1948 hoc
333 1900 407 1963 igitur
417 1913 537 1948 tantarum
548 1896 654 1963 pondere
664 1916 744 1953 rerum

189 1979 331 2044 Numquam
345 1992 369 2026 te
383 1977 475 2026 nostroe
487 1974 602 2026 evoluiffe
611 1982 694 2043 jocor?

156 2058 190 2108 At
199 2059 233 2117 si,
244 2054 421 2123 quod-mallem
433 2088 442 2115 ,
453 2068 540 2104 vacuus
552 2053 648 2105 forcalle
659 2056 739 2114 fuilses
746 2095 757 2125 ‚

189 2134 294 2185 Nullum
306 2130 497 2199 legiil'erctimen
507 2135 533 2181 in
543 2134 671 2195 Artemei.
835 2186 839 2190 ,
875 2160 922 2206 240

156 2214 205 2263 Illa
215 2210 316 2279 quidem
325 2210 401 2261 fateor
414 2210 501 2259 frontis
511 2226 561 2259 nou
572 2208 618 2260 effe
629 2216 718 2265 severae·

191 2292 300 2356 Scripta,
311 2305 355 2338 nec
366 2305 381 2337 a
391 2302 459 2339 tanto
471 2289 583 2356 Principe¹
595 2288 667 2357 digna
678 2277 741 2359 legi,

156 2369 218 2421 Nou
227 2382 308 2425 tamen
319 2365 410 2416 idcirco
423 2365 503 2431 legum
515 2372 634 2417 contraria
642 2373 710 2435 jussis

191 2448 251 2495 Sunt
262 2462 304 2505 ea,
317 2446 437 2493 Romanae
448 2443 607 2513 erudiuntque
617 2463 699 2499 nurus.

158 2526 242 2580 Neve,
254 2526 339 2594 quibua
352 2525 471 2582 scribam,
482 2528 557 2589 possis
573 2525 681 2576 dubitare
690 2528 808 2588 ,libellus
874 2546 918 2596 245

193 2602 313 2662 Quattuor
323 2603 368 2650 hos
377 2602 457 2651 versus
465 2618 477 2649 e
486 2603 560 2651 tribus
572 2618 631 2652 unus
639 2606 720 2657 habet.

132 2684 137 2699 ¹
157 2679 213 2730 Este
220 2678 302 2743 procul
311 2712 320 2738 ,
332 2681 399 2729 vittae
409 2693 490 2728 tenues
500 2714 508 2738 ,
519 2681 611 2745 insigne
620 2681 733 2747 pudorie5

193 2754 300 2821 Quaque
311 2758 369 2818 tegis
380 2753 473 2805 medios
483 2757 562 2806 instita
572 2758 645 2825 longa
654 2760 735 2825 pedet.

156 2831 221 2890 Nil,
232 2832 277 2880 nisi
287 2830 440 2897 legitimum,
454 2832 610 2901 concelsaque
619 2837 700 2898 furta,
712 2856 839 2897 canemuse

191 2911 266 2975 inque
277 2926 332 2959 meo
344 2910 439 2959 nullum
449 2916 554 2961 carmine
564 2916 655 2964 crimen
663 2920 717 2968 erit.
875 2942 922 2988 ²50

154 2982 252 3051 Ecquid
261 2988 291 3037 ab
302 2989 346 3037 hac
356 3002 439 3037 ornnes
448 2986 525 3053 rigide
536 2991 700 3044 submovimus
711 2997 782 3063 Arte,

189 3064 256 3124 Quas
265 3064 326 3113 stola
335 3068 444 3131 contingi
453 3068 560 3133 vittaque
567 3070 645 3122 sumta
654 3084 736 3131 vetat?

196 3144 264 3202 Yorn.
278 3145 330 3202 III.
751 3160 763 3211 l
