2334 3917
294 413 508 491 Errsmx
525 420 679 492 Pouro
701 418 806 492 LII.
850 440 914 511 323

228 541 302 597 Testa
313 547 355 595 sub
363 544 544 613 aequoreluunc
552 561 651 611 quoque
659 547 735 595 currit
744 543 819 611 aqud.

170 626 171 629 ’
196 619 785 688 llicmihilabentlsparsonnimaguaperarlaest.

229 698 295 748 Eheu
307 698 313 749 Ξ
326 700 400 765 quim
406 696 484 763 dispar
492 698 524 747 est
532 697 600 747 loeus
610 696 652 747 ille
659 698 742 749 Getis!
935 721 969 768 3⁰

196 776 228 829 Et
239 792 314 842 quota
321 779 428 842 parshaec
438 778 492 825 sunt
501 792 595 836 rerum,
608 792 667 842 quae
676 774 879 831 'vidimueambm

230 854 265 903 Te
276 858 336 903 mihi
344 852 459 919 jucundas
471 853 589 904 efficiente
599 858 649 904 viae
660 854 668 903 l

198 930 243 979 Seu
256 944 305 980 rate
315 929 424 979 ceruleae
435 930 497 995 plui
508 928 651 979 sulcavimus
662 927 758 991 undas,

222 1006 315 1057 'Elleda
327 1024 371 1068 nos
382 1008 439 1072 agili
449 1010 498 1056 eive
510 1006 586 1056 tulere
593 1007 647 1057 rotd
659 1025 667 1067 3

196 1086 262 1150 Saepe
274 1087 350 1135 brevis
362 1084 779 1152 nobisvicibueviaviseloquendi3
933 1115 960 1159 35

227 1164 362 1228 Pluraque,
377 1167 397 1211 si
405 1178 532 1223 numeres,
545 1165 618 1213 verba
629 1163 693 1213 fuere
704 1163 789 1229 gradu.

199 1242 263 1305 Saepe
272 1236 321 1289 dies
329 1242 436 1290 sermone
446 1244 527 1289 minor
538 1241 602 1300 fuit3
615 1245 689 1307 inque
700 1237 850 1308 loquendum

231 1314 310 1365 Tarda
321 1333 361 1381 per
372 1308 548 1368 aestivordefuit
559 1320 618 1368 hore
626 1318 685 1369 dies.

197 1392 238 1443 Est
247 1393 355 1460 aliquid.
371 1396 435 1444 casus
447 1400 534 1461 pariter
544 1395 648 1446 timuilse
656 1401 781 1458 ruminor,

229 1472 358 1538 lunaeque
372 1472 402 1522 ad
412 1490 534 1539 aequoreos
542 1484 600 1525 'vota
610 1474 689 1525 tulilse
698 1477 780 1526 Deoer
929 1490 962 1535 40

197 1549 229 1598 Er
241 1548 316 1607 modi>
323 1566 357 1599 ree
367 1548 437 1617 egisse
447 1552 535 1611 simu13
546 1541 623 1601 modo
631 1556 707 1602 rursus
716 1556 745 1602 ab
753 1554 814 1609 illie,

150 1640 151 1643 ’
230 1628 339 1688 Quorum
353 1644 402 1678 non
410 1628 514 1694 pudeat,
526 1628 592 1695 polle
600 1630 687 1680 referre
695 1636 772 1695 jocos.

197 1704 254 1754 Hlaec
266 1709 309 1755 tibi
317 1710 335 1755 si
343 1709 459 1768 subeant,
471 1709 547 1756 absim
559 1708 616 1757 lieet
627 1744 635 1767 ‚
647 1711 761 1757 omuibus
770 1711 836 1758 horis

229 1788 290 1833 Aure
302 1800 355 1834 tuos
369 1786 470 1846 oculos,
484 1801 511 1835 ut
519 1786 611 1845 morld,
622 1790 684 1835 visus
696 1804 747 1837 ero.

195 1860 247 1926 lpse
258 1862 356 1928 quidem
367 1868 465 1913 extremi
474 1864 528 1913 crim
540 1867 585 1913 sim
597 1866 639 1912 sub
646 1864 741 1915 cardine
752 1864 853 1921 mundi,
928 1878 957 1924 45
980 1899 983 1903 -

229 1940 277 2001 Qui
290 1943 381 2007 semper
391 1940 488 2007 liquidis
499 1942 570 1991 altior
580 1943 654 1993 exstat
662 1945 728 2010 aquis
738 1961 746 2003 3

195 2014 231 2065 Te
243 2032 322 2068 tamen
333 2022 442 2079 intueor,
454 2036 503 2085 quo
514 2020 566 2069 solo
577 2024 671 2085 pestore
680 2020 792 2087 pollume

229 2095 259 2145 Et
270 2112 349 2146 recum
358 2095 440 2162 gelido
448 2100 507 2163 saepe
516 2100 558 2147 sub
567 2114 609 2147 are
619 2099 717 2165 loquor.

195 2171 292 2234 ilices,
305 2178 330 2224 ἀ
338 2179 432 2240 ignotas
444 2180 482 2227 z&
494 2176 549 2228 ades
560 2177 726 2227 celeberrimus
738 2179 833 2231 absens:

177 2269 179 2274 ·
228 2250 303 2315 lnque
314 2253 384 2301 Getas
396 2252 476 2303 medid
486 2257 548 2305 visus
561 2256 591 2303 ab
602 2254 750 2305 Urbevenis.
798 2277 800 2280 ·
930 2262 961 2310 50

195 2328 277 2379 Redde
285 2333 362 2379 vicem
374 2350 379 2379 :
391 2337 415 2381 dr
428 2338 560 2398 ‚quoniam
568 2338 634 2399 regio
647 2335 741 2384 felicior
750 2334 793 2384 ista
805 2326 852 2395 eli,

229 2406 282 2455 lllic
293 2424 331 2456 me
340 2413 442 2458 memori
452 2413 544 2474 pedore
553 2413 644 2475 semper
652 2412 721 2461 habe.

210 2544 229 2585 e
474 2529 888 2603 Qffifflfflp

322 2654 665 2719 EPISTOLA
706 2626 773 2721 x‘1.

452 2803 643 2867 rura

198 2894 267 3011 H
278 2979 318 3014 oc
330 2964 374 3015 tibi
384 2964 473 3027 ,Rufe‚
480 2966 545 3018 brevi
553 2982 708 3033 properatum
719 2972 909 3034 temporemirzlr

226 3040 291 3090 Na'so
302 3078 310 3102 ‚
322 3058 406 3108 parum
417 3042 497 3093 saustae
509 3044 621 3096 conditor
632 3049 695 3096 Artis
707 3082 716 3107 ‚
732 3064 791 3113 opus
803 3066 810 3095 r

193 3112 246 3175 Ut,
260 3134 406 3186 quamquam
423 3120 495 3187 longe
512 3136 565 3172 toto
575 3127 655 3174 sumus
668 3125 839 3238 orbeoremori,

755 3207 780 3255 VJ
