2334 3917
453 408 623 499 Im·
823 420 890 485 399

212 534 323 598 Corpora
333 528 469 597 pelliferum
481 530 514 576 sic
525 541 565 577 tua
575 528 639 575 virus
648 522 712 574 edat.

181 612 235 673 Qui
246 612 286 659 sua
297 605 428 659 Penthiden
439 606 518 671 proles
528 604 560 653 est
571 604 622 653 ulta
633 604 786 667 Lycurgum,

213 690 271 738 liaec
284 701 379 737 maneat
391 684 433 734 teli
447 699 470 733 te
487 698 583 749 quoque
601 680 671 745 plaga
687 684 753 729 novi.

178 764 262 833 thue
272 766 369 825 Milon,
378 765 450 813 robur
460 760 571 811 diducere
582 758 654 807 fissile
665 773 756 817 tentes,

215 844 265 895 Nec
277 847 351 909 possis
362 856 441 907 captas
452 839 508 889 inde
518 836 604 887 ecferre
615 852 708 886 manus.

163 916 165 920 ¹
181 924 371 989 Muneribusque
382 924 428 970 tuis
439 916 547 978 laedaris,
559 930 585 965 ut
597 916 691 973 icatur,
703 916 812 981 inquom

214 1001 300 1051 intulit
309 1016 410 1050 armatas
422 999 486 1047 ebria
497 996 565 1045 turba
576 1009 669 1043 manus.

181 1076 302 1145 Quodque
314 1077 400 1128 dolore
412 1078 475 1127 necis
486 1075 566 1139 parriae
577 1070 675 1137 pia·fiiia
686 1070 761 1131 fecit,

214 1157 319 1205 Vincula
328 1172 368 1221 per
380 1155 459 1220 laquei
471 1152 508 1202 fac
521 1152 564 1201 ribi
575 1165 657 1216 guttur
667 1164 732 1199 eant,

81 1292 82 1303 ἵ
184 1234 356 1299 Obstrufloque
368 1233 456 1283 famem
466 1233 561 1296 pariaris
573 1230 658 1277 limine
668 1229 739 1287 tedii,

217 1311 252 1359 Ur
263 1312 338 1377 legem
352 1327 427 1376 potnre
440 1312 479 1359 cui
496 1306 563 1358 dedit
579 1308 630 1372 ipsa
644 1321 735 1370 patena.

184 1388 253 1437 Illius
265 1389 375 1453 exemplo
385 1387 460 1437 violes
471 1385 597 1435 simulacra
607 1383 708 1443 Dianae,

218 1464 311 1516 Aulidis
322 1483 335 1515 a
345 1481 416 1531 portu
427 1468 469 1531 qui
480 1464 531 1512 leve
542 1464 614 1514 vertit
624 1464 678 1509 iter.

184 1541 355 1607 Naupliadaeve
367 1540 459 1601 modo,
472 1540 527 1589 fluo
538 1556 582 1605 pto
592 1541 707 1596 crimine,
716 1552 798 1601 pennas

219 1621 300 1669 Morte
312 1620 378 1679 luas,
389 1636 433 1669 nec
446 1634 526 1669 tenon
537 1613 647 1665 meruille
658 1619 732 1680 juvet.

185 1698 312 1748 AEthalion
320 1698 371 1748 vita
382 1698 493 1763 spoliavit
503 1712 530 1745 ur
541 1692 610 1745 leidis
619 1694 721 1757 holpes,

221 1776 300 1837 Quem
311 1792 404 1825 memor
415 1777 508 1825 alacris
519 1789 582 1821 nunc
593 1787 689 1838 quoque
699 1770 767 1834 pellit
777 1770 830 1819 lon.

187 1853 269 1919 thue
280 1852 420 1903 Melanthea
430 1853 531 1902 tenebris
542 1866 555 1899 n
567 1848 630 1899 caede
642 1849 757 1898 latentem

220 1928 329 1979 Prodidit
339 1928 421 1979 officio
436 1929 532 1977 luminis
546 1928 605 1977 orba
614 1941 714 1992 partnr3

188 2008 225 2055 Sic
237 2022 277 2055 run
288 2010 399 2072 conjetiis
410 2004 532 2059 fodiantur
544 2008 639 2071 petiora
650 2004 718 2053 telier

220 2087 274 2145 Sic,
286 2101 385 2150 precor,
400 2084 493 2134 auxiliis
506 2081 636 2149 impediare
648 2085 702 2152 tuis.
803 2108 807 2115 -

190 2162 273 2223 Qualis
283 2180 357 2229 equos
367 2166 453 2229 pauo,
464 2179 524 2229 quos
535 2162 604 2213 fortis
615 2162 700 2226 agebat
710 2158 832 2221 Achilles,

222 2242 278 2289 Aeta
290 2241 376 2306 Phrygi
388 2239 475 2291 timido
486 2258 554 2300 not,
569 2242 613 2290 tibi
622 2240 674 2290 talis
686 2255 732 2289 eat.

190 2314 241 2365 Nec
254 2332 294 2374 tu,
306 2318 379 2381 quim
392 2320 493 2375 Rhesus,
507 2321 592 2366 somno
603 2317 702 2366 meliore
713 2316 813 2376 fruaris;

224 2391 304 2452 Qudne
317 2398 417 2443 comites
429 2396 501 2442 Rhesi
512 2410 562 2443 tum
574 2397 655 2448 necis,
671 2408 725 2443 ante
741 2398 786 2443 viae
798 2414 805 2443 r

189 2469 225 2519 Ut
239 2486 369 2535 quoscum
382 2472 472 2521 Rutulo
485 2475 558 2521 morti
576 2473 709 2521 Rhamnete
724 2469 841 2523 dederunt

225 2547 327 2611 Impiger
339 2547 496 2611 Hyrtacides,
508 2547 691 2615 Hyrtacidaeque
700 2566 790 2598 comes.

190 2624 340 2675 Cliniadaere
351 2625 440 2685 modo,
457 2624 617 2675 circumdatus
626 2627 719 2689 ignibus
730 2630 787 2677 atrit

223 2703 333 2753 Membra
345 2703 405 2753 feras
416 2706 503 2770 Stygia
514 2706 678 2753 semicremata
688 2708 742 2756 rati.

128 2816 133 2823 .
190 2780 254 2830 Utve
266 2781 342 2830 Remo
354 2798 435 2831 niueos
446 2784 502 2831 auso
515 2784 613 2831 transire
623 2795 747 2843 recentes,

225 2858 304 2909 Noxia
315 2862 362 2910 sint
373 2862 445 2923 capiti
456 2860 540 2909 rustica
550 2859 599 2911 tela
610 2875 661 2908 tuo.

190 2936 315 3003 Denique,
328 2940 468 2989 Sarmaticae
478 2940 540 2987 inter
551 2938 693 3002 Geticaeque
707 2933 803 3000 sagittat
809 2968 820 2999 ,

225 3015 285 3075 His,
301 3032 402 3081 precor,
419 3030 446 3064 ut
459 3018 524 3065 vivas
541 3019 566 3064 &
581 3015 683 3063 moriare
700 3012 768 3063 locit.

191 3088 248 3142 Hac
264 3094 308 3143 tibi
320 3095 432 3160 tantisper
442 3094 580 3144 subitosint
590 3088 661 3142 miffa
670 3090 755 3142 libello
760 3124 772 3155 ,
