2334 3917
246 385 529 450 Turturum
555 379 653 446 Lru.
677 377 755 446 IV.
811 401 875 463 241

168 504 205 554 bic
212 504 322 569 juvenis,
335 500 468 566 similisque
479 501 523 549 tibi
534 501 565 548 tit
573 515 662 556 uatus,
677 502 702 548 ἃ
713 497 785 548 illum

70 588 72 611 ³
168 600 171 605 ’
197 582 308 630 Moribus
317 581 431 645 agnoscat
441 578 544 645 quilibet
554 575 601 629 effe
612 593 689 628 tuum,

70 696 72 719 t
169 661 205 710 sic
216 660 324 708 socerum
337 657 411 707 faciat
422 655 484 706 redi
493 671 516 705 te
527 671 582 705 nata
590 657 682 722 Jugali3
719 719 721 724 Α
760 671 763 680 ‘

199 737 251 790 Nec
262 733 359 786 tardum
368 737 450 802 juveni
461 733 503 785 det
510 736 555 784 tibi
567 750 659 784 nomeu
674 735 721 787 ari.

172 887 886 945 ‹-=².222t3======u

346 1030 373 1093 E
394 1029 419 1090 L
439 1029 466 1090 E
487 1028 517 1089 G
537 1026 552 1087 Ι
572 1025 602 1088 Α
642 1026 717 1090 VI.

126 1241 130 1248 ,
173 1119 340 1243 Timone
351 1191 461 1241 turicolae
471 1191 562 1256 patiens
572 1189 601 1240 fit
611 1204 691 1240 taurus
701 1187 790 1251 aratri,

205 1270 297 1319 Praebet
309 1273 333 1318 bt
344 1272 444 1320 incurvo
452 1269 517 1318 colle
529 1267 659 1334 premenda
671 1272 738 1334 jugo.

174 1347 295 1412 Tempore
308 1363 375 1412 peret
389 1364 463 1413 equus
477 1347 548 1396 lentis
558 1348 679 1396 animosus
689 1347 788 1396 habenis
797 1367 818 1407 ,·

206 1426 238 1475 Et
252 1425 347 1490 placido
364 1424 435 1476 duros
446 1428 588 1491 accipitore
604 1425 683 1492 lupos.

174 1503 296 1568 Tempore
312 1504 443 1553 Poenorum
453 1506 614 1569 compescitur
626 1507 661 1554 ira
672 1503 787 1562 leonum3
913 1541 924 1585 5

206 1581 259 1631 Nec
272 1581 352 1631 feritas
362 1584 444 1630 auimo
454 1616 462 1641 ‚
474 1597 527 1648 qute
540 1581 669 1641 fuscante,
686 1597 778 1632 manet.

175 1659 283 1726 Quaeque
297 1662 333 1708 sui
342 1662 444 1709 monitis
451 1659 604 1724 obtemperat
613 1658 672 1709 Inda
682 1659 790 1724 Magistri

206 1738 307 1798 Bellus,
317 1739 439 1788 servitium
448 1741 625 1803 temporcvibia
635 1739 707 1786 subit.

174 1819 295 1882 Tempus,
309 1831 337 1866 ut
344 1819 445 1866 extentis
456 1823 548 1866 tumeat
558 1815 619 1866 facit
629 1831 675 1866 uva
683 1819 799 1873 racemis,
886 1843 888 1848 ·

207 1895 302 1960 Vixque
314 1911 408 1944 merum
418 1897 514 1960 capiant
523 1909 613 1960 grana,
625 1892 692 1960 quod
704 1897 767 1944 intus
777 1895 875 1946 habent.
915 1917 942 1949 ro

176 1973 284 2038 Tempus
297 1977 323 2022 bt
332 1976 358 2022 iu
368 1989 438 2022 cauas
449 1974 530 2022 semen
539 1971 653 2038 producit
665 1973 762 2037 aristas,

208 2053 240 2102 Et
249 2069 280 2102 ne
287 2056 334 2101 sint
345 2052 405 2102 tristi
412 2069 486 2116 potua
493 2053 576 2116 sapore
587 2051 654 2102 facit.

175 2131 233 2185 Hoc
244 2146 326 2181 tenuat
335 2129 434 2181 dentem
445 2144 516 2180 terras
527 2134 665 2181 renovantis
677 2135 763 2182 aratri:

210 2211 265 2261 Hoc
276 2207 363 2275 rigidas
374 2207 467 2267 silices,
478 2209 528 2257 hoc
535 2207 663 2260 adamanta
673 2213 737 2260 terit.

176 2291 233 2342 Hoc
247 2293 320 2339 etiam
332 2290 403 2338 saevts
414 2285 532 2351 paulatim
542 2289 640 2352 mitigat
652 2291 711 2338 iras:
917 2321 940 2358 ¹5

211 2369 266 2419 Hoc
278 2369 367 2416 minuit
381 2363 456 2413 luctus
468 2398 477 2423 ,
488 2365 614 2431 mestaque
626 2364 698 2415 corda
707 2366 779 2418 levet.

176 2446 273 2499 Cunbia
283 2443 360 2510 potest
369 2444 442 2508 igitur
452 2446 526 2492 tacito
534 2441 595 2507 pede
604 2443 775 2508 lapsavetustas
784 2481 793 2506 ‚

212 2526 298 2574 Praeter
308 2521 383 2588 quim
396 2535 463 2570 curas
476 2534 680 2572 attenuaremeas.

175 2602 213 2653 Ut
222 2600 299 2667 patrii
310 2615 378 2648 cereo
389 2633 396 2656 ‚
408 2599 443 2647 bis
453 2598 560 2664 frugibus
570 2615 624 2648 arca
634 2603 690 2650 trita
700 2601 732 2650 est
741 2637 749 2662 ‚

127 2723 133 2727 .
210 2679 323 2730 Dissiluit
332 2677 399 2728 nudo
409 2676 485 2743 preffa
496 2679 531 2726 bis
541 2695 588 2730 uva
597 2677 666 2744 pede.

175 2759 232 2811 Nec
239 2759 338 2823 quesita
348 2771 429 2805 tamen
439 2757 514 2821 spatio
527 2759 641 2821 patientia
651 2757 726 2824 longo
738 2757 784 2815 est,
882 2758 886 2766 ’

194 2835 330 2900 ’Μειιεςυε
341 2833 400 2882 maii
411 2835 504 2882 sensum
514 2834 594 2883 nostra
604 2839 704 2885 recentis
717 2839 798 2888 habet.
882 2853 885 2862 ’

174 2914 275 2966 Scilicet
286 2916 312 2961 bc
322 2926 412 2962 veteres
421 2911 517 2977 fugiunt
527 2915 584 2978 juga
595 2929 667 2962 curva
677 2919 787 2979 juvenci3

209 2992 243 3042 Et
254 2990 362 3041 domitus
373 2989 442 3040 freuo
453 2991 512 3056 saepe
523 3005 638 3056 repugnat
649 3007 733 3058 equus.

177 3070 281 3122 Tristior
293 3068 326 3118 est
336 3072 410 3120 etiam
419 3070 519 3136 praei‘ent
526 3085 633 3120 aerumua
643 3073 735 3137 priore:
842 3107 845 3112 .
915 3095 945 3138 25

212 3149 282 3199 Tum.
297 3148 349 3198 III.
781 3153 802 3204 L
