<?xml version="1.0" encoding="UTF-8"?>
<!DOCTYPE html PUBLIC "-//W3C//DTD XHTML 1.0 Transitional//EN"
    "http://www.w3.org/TR/xhtml1/DTD/xhtml1-transitional.dtd">
<html xmlns="http://www.w3.org/1999/xhtml" xml:lang="en" lang="en">
 <head>
  <title>
</title>
<meta http-equiv="Content-Type" content="text/html;charset=utf-8" />
  <meta name='ocr-system' content='tesseract 3.04.00' />
  <meta name='ocr-capabilities' content='ocr_page ocr_carea ocr_par ocr_line ocrx_word'/>
</head>
<body>
  <div class='ocr_page' id='page_1' title='image "./povidiinasoniso05ovidgoog_0077.png"; bbox 0 0 2334 3917; ppageno 0'>
   <div class='ocr_carea' id='block_1_1' title="bbox 257 386 887 477">
    <p class='ocr_par' dir='ltr' id='par_1_1' title="bbox 257 386 887 477">
     <span class='ocr_line' id='line_1_1' title="bbox 257 386 887 477; baseline 0.005 -24"><span class='ocrx_word' id='word_1_1' title='bbox 257 386 560 455; x_wconf 75' lang='lat' dir='ltr'>FArronnu</span> <span class='ocrx_word' id='word_1_2' title='bbox 592 387 696 455; x_wconf 74' lang='lat' dir='ltr'>lin.</span> <span class='ocrx_word' id='word_1_3' title='bbox 721 388 807 455; x_wconf 86' lang='grc' dir='ltr'><em>ΙΙΙ.</em></span> <span class='ocrx_word' id='word_1_4' title='bbox 845 394 887 477; x_wconf 84' lang='lat'>65</span> 
     </span>
    </p>
   </div>
   <div class='ocr_carea' id='block_1_2' title="bbox 163 503 936 1743">
    <p class='ocr_par' dir='ltr' id='par_1_2' title="bbox 163 503 936 1743">
     <span class='ocr_line' id='line_1_2' title="bbox 163 503 794 571; baseline 0.005 -16"><span class='ocrx_word' id='word_1_5' title='bbox 163 503 273 557; x_wconf 76' lang='lat' dir='ltr'>Pallada</span> <span class='ocrx_word' id='word_1_6' title='bbox 289 504 454 571; x_wconf 72' lang='lat' dir='ltr'>Cecropidae,</span> <span class='ocrx_word' id='word_1_7' title='bbox 468 506 566 556; x_wconf 81' lang='lat' dir='ltr'>Minoia</span> <span class='ocrx_word' id='word_1_8' title='bbox 581 504 657 556; x_wconf 88' lang='lat' dir='ltr'>Creta</span> <span class='ocrx_word' id='word_1_9' title='bbox 671 506 794 571; x_wconf 70' lang='lat' dir='ltr'>manum,</span> 
     </span>
     <span class='ocr_line' id='line_1_3' title="bbox 200 582 685 649; baseline 0 -16"><span class='ocrx_word' id='word_1_10' title='bbox 200 584 345 635; x_wconf 86' lang='lat' dir='ltr'>Vulcanum</span> <span class='ocrx_word' id='word_1_11' title='bbox 360 584 430 635; x_wconf 89' lang='lat' dir='ltr'>tellus</span> <span class='ocrx_word' id='word_1_12' title='bbox 442 582 591 649; x_wconf 69' lang='lat' dir='ltr'>Hypsipylea</span> <span class='ocrx_word' id='word_1_13' title='bbox 603 585 663 633; x_wconf 89' lang='lat' dir='ltr'>colit</span> <span class='ocrx_word' id='word_1_14' title='bbox 675 602 685 644; x_wconf 70' lang='lat' dir='ltr'>s</span> 
     </span>
     <span class='ocr_line' id='line_1_4' title="bbox 164 658 774 727; baseline 0.003 -16"><span class='ocrx_word' id='word_1_15' title='bbox 164 662 293 711; x_wconf 78' lang='lat' dir='ltr'>lunonem</span> <span class='ocrx_word' id='word_1_16' title='bbox 309 666 392 727; x_wconf 81' lang='lat' dir='ltr'>Sparte</span> <span class='ocrx_word' id='word_1_17' title='bbox 404 692 414 723; x_wconf 83' lang='lat'><strong><em>‚</em></strong></span> <span class='ocrx_word' id='word_1_18' title='bbox 430 658 634 727; x_wconf 80' lang='lat' dir='ltr'>Pelopeiadesque</span> <span class='ocrx_word' id='word_1_19' title='bbox 647 662 774 724; x_wconf 65' lang='lat' dir='ltr'>Mycenas</span> 
     </span>
     <span class='ocr_line' id='line_1_5' title="bbox 202 738 699 806; baseline -0.004 -17"><span class='ocrx_word' id='word_1_20' title='bbox 202 742 345 806; x_wconf 83' lang='lat' dir='ltr'>Pinigerum</span> <span class='ocrx_word' id='word_1_21' title='bbox 355 741 430 789; x_wconf 80' lang='lat' dir='ltr'>Fauni</span> <span class='ocrx_word' id='word_1_22' title='bbox 440 738 552 789; x_wconf 76' lang='lat' dir='ltr'>Menalis</span> <span class='ocrx_word' id='word_1_23' title='bbox 563 754 607 789; x_wconf 90' lang='lat' dir='ltr'>ora</span> <span class='ocrx_word' id='word_1_24' title='bbox 618 753 699 803; x_wconf 82' lang='lat' dir='ltr'>caput.</span> 
     </span>
     <span class='ocr_line' id='line_1_6' title="bbox 165 804 934 881; baseline -0.004 -14"><span class='ocrx_word' id='word_1_25' title='bbox 165 816 236 867; x_wconf 88' lang='lat' dir='ltr'>Mars</span> <span class='ocrx_word' id='word_1_26' title='bbox 248 819 323 868; x_wconf 87' lang='lat' dir='ltr'>Latio</span> <span class='ocrx_word' id='word_1_27' title='bbox 335 814 481 869; x_wconf 80' lang='lat' dir='ltr'>venerandus</span> <span class='ocrx_word' id='word_1_28' title='bbox 494 830 544 865; x_wconf 89' lang='lat' dir='ltr'>etat</span> <span class='ocrx_word' id='word_1_29' title='bbox 556 850 564 874; x_wconf 94' lang='lat'><strong>‚</strong></span> <span class='ocrx_word' id='word_1_30' title='bbox 580 819 637 881; x_wconf 84' lang='lat' dir='ltr'>quia</span> <span class='ocrx_word' id='word_1_31' title='bbox 648 813 758 880; x_wconf 71' lang='lat' dir='ltr'>presidet</span> <span class='ocrx_word' id='word_1_32' title='bbox 765 818 844 865; x_wconf 82' lang='lat' dir='ltr'>armis.</span> <span class='ocrx_word' id='word_1_33' title='bbox 905 804 934 873; x_wconf 70' lang='lat'>85</span> 
     </span>
     <span class='ocr_line' id='line_1_7' title="bbox 201 891 776 961; baseline -0.005 -17"><span class='ocrx_word' id='word_1_34' title='bbox 201 897 280 945; x_wconf 77' lang='lat' dir='ltr'>Arma</span> <span class='ocrx_word' id='word_1_35' title='bbox 292 895 347 945; x_wconf 83' lang='lat' dir='ltr'>ferae</span> <span class='ocrx_word' id='word_1_36' title='bbox 363 896 538 961; x_wconf 71' lang='lat' dir='ltr'>gentiumque</span> <span class='ocrx_word' id='word_1_37' title='bbox 549 891 669 959; x_wconf 75' lang='lat' dir='ltr'>decusque</span> <span class='ocrx_word' id='word_1_38' title='bbox 679 891 776 943; x_wconf 79' lang='lat' dir='ltr'>dabant.</span> 
     </span>
     <span class='ocr_line' id='line_1_8' title="bbox 166 970 813 1037; baseline -0.003 -16"><span class='ocrx_word' id='word_1_39' title='bbox 166 970 245 1031; x_wconf 89' lang='lat' dir='ltr'>Quod</span> <span class='ocrx_word' id='word_1_40' title='bbox 263 976 284 1021; x_wconf 87' lang='lat' dir='ltr'>si</span> <span class='ocrx_word' id='word_1_41' title='bbox 298 972 456 1031; x_wconf 78' lang='lat' dir='ltr'>forteresse,</span> <span class='ocrx_word' id='word_1_42' title='bbox 468 974 605 1037; x_wconf 72' lang='lat' dir='ltr'>peregrinos</span> <span class='ocrx_word' id='word_1_43' title='bbox 614 973 703 1036; x_wconf 79' lang='lat' dir='ltr'>inspice</span> <span class='ocrx_word' id='word_1_44' title='bbox 714 970 813 1032; x_wconf 78' lang='lat' dir='ltr'>Fast0s3</span> 
     </span>
     <span class='ocr_line' id='line_1_9' title="bbox 200 1052 740 1113; baseline 0 -12"><span class='ocrx_word' id='word_1_45' title='bbox 200 1052 294 1101; x_wconf 77' lang='lat' dir='ltr'>Mensis</span> <span class='ocrx_word' id='word_1_46' title='bbox 304 1056 331 1101; x_wconf 91' lang='lat' dir='ltr'>in</span> <span class='ocrx_word' id='word_1_47' title='bbox 344 1055 383 1103; x_wconf 89' lang='lat' dir='ltr'>his</span> <span class='ocrx_word' id='word_1_48' title='bbox 394 1056 468 1103; x_wconf 89' lang='lat' dir='ltr'>etiam</span> <span class='ocrx_word' id='word_1_49' title='bbox 477 1055 575 1101; x_wconf 89' lang='lat' dir='ltr'>nomine</span> <span class='ocrx_word' id='word_1_50' title='bbox 588 1053 675 1113; x_wconf 68' lang='lat' dir='ltr'>Martis</span> <span class='ocrx_word' id='word_1_51' title='bbox 684 1054 740 1102; x_wconf 84' lang='lat' dir='ltr'>erit.</span> 
     </span>
     <span class='ocr_line' id='line_1_10' title="bbox 165 1129 744 1196; baseline -0.002 -18"><span class='ocrx_word' id='word_1_52' title='bbox 165 1129 190 1178; x_wconf 89' lang='grc' dir='ltr'><strong>Τ</strong></span> <span class='ocrx_word' id='word_1_53' title='bbox 191 1133 267 1180; x_wconf 89' lang='lat' dir='ltr'>ertius</span> <span class='ocrx_word' id='word_1_54' title='bbox 278 1130 376 1179; x_wconf 80' lang='lat' dir='ltr'>Albanis</span> <span class='ocrx_word' id='word_1_55' title='bbox 388 1164 396 1190; x_wconf 89' lang='lat'>‚</span> <span class='ocrx_word' id='word_1_56' title='bbox 412 1132 509 1196; x_wconf 88' lang='lat' dir='ltr'>quintus</span> <span class='ocrx_word' id='word_1_57' title='bbox 520 1129 567 1179; x_wconf 87' lang='lat' dir='ltr'>fuit</span> <span class='ocrx_word' id='word_1_58' title='bbox 577 1129 620 1178; x_wconf 91' lang='lat' dir='ltr'>ille</span> <span class='ocrx_word' id='word_1_59' title='bbox 630 1129 744 1188; x_wconf 71' lang='lat' dir='ltr'>Faliseirs</span> 
     </span>
     <span class='ocr_line' id='line_1_11' title="bbox 198 1198 936 1273; baseline 0.001 -17"><span class='ocrx_word' id='word_1_60' title='bbox 198 1208 286 1257; x_wconf 79' lang='lat' dir='ltr'>Sextus</span> <span class='ocrx_word' id='word_1_61' title='bbox 303 1205 366 1271; x_wconf 83' lang='lat' dir='ltr'>apud</span> <span class='ocrx_word' id='word_1_62' title='bbox 376 1207 497 1273; x_wconf 78' lang='lat' dir='ltr'>populos,</span> <span class='ocrx_word' id='word_1_63' title='bbox 511 1206 615 1257; x_wconf 75' lang='lat' dir='ltr'>Hernica</span> <span class='ocrx_word' id='word_1_64' title='bbox 630 1222 706 1267; x_wconf 88' lang='lat' dir='ltr'>terra,</span> <span class='ocrx_word' id='word_1_65' title='bbox 725 1222 788 1257; x_wconf 85' lang='lat' dir='ltr'>tuos.</span> <span class='ocrx_word' id='word_1_66' title='bbox 900 1198 936 1246; x_wconf 71' lang='lat'>9⁰</span> 
     </span>
     <span class='ocr_line' id='line_1_12' title="bbox 163 1282 774 1350; baseline 0.002 -16"><span class='ocrx_word' id='word_1_67' title='bbox 163 1282 235 1335; x_wconf 86' lang='lat' dir='ltr'>Inter</span> <span class='ocrx_word' id='word_1_68' title='bbox 245 1286 354 1340; x_wconf 80' lang='lat' dir='ltr'>Aricinos</span> <span class='ocrx_word' id='word_1_69' title='bbox 366 1318 374 1344; x_wconf 90' lang='lat'>,</span> <span class='ocrx_word' id='word_1_70' title='bbox 391 1284 531 1350; x_wconf 74' lang='lat' dir='ltr'>Albanaque</span> <span class='ocrx_word' id='word_1_71' title='bbox 545 1300 655 1349; x_wconf 78' lang='lat' dir='ltr'>tempora</span> <span class='ocrx_word' id='word_1_72' title='bbox 665 1283 774 1335; x_wconf 72' lang='lat' dir='ltr'>conlisae</span> 
     </span>
     <span class='ocr_line' id='line_1_13' title="bbox 198 1360 719 1428; baseline 0.006 -18"><span class='ocrx_word' id='word_1_73' title='bbox 198 1363 318 1428; x_wconf 79' lang='lat' dir='ltr'>Fasiaque</span> <span class='ocrx_word' id='word_1_74' title='bbox 329 1360 449 1426; x_wconf 72' lang='lat' dir='ltr'>Telegoni</span> <span class='ocrx_word' id='word_1_75' title='bbox 460 1366 552 1413; x_wconf 81' lang='lat' dir='ltr'>tnoenia</span> <span class='ocrx_word' id='word_1_76' title='bbox 562 1363 623 1413; x_wconf 82' lang='lat' dir='ltr'>celsa</span> <span class='ocrx_word' id='word_1_77' title='bbox 635 1379 719 1413; x_wconf 79' lang='lat' dir='ltr'>manu.</span> 
     </span>
     <span class='ocr_line' id='line_1_14' title="bbox 164 1437 867 1509; baseline 0.009 -22"><span class='ocrx_word' id='word_1_78' title='bbox 164 1437 289 1499; x_wconf 89' lang='lat' dir='ltr'>Quintum</span> <span class='ocrx_word' id='word_1_79' title='bbox 298 1440 443 1501; x_wconf 78' lang='lat' dir='ltr'>Laurentes,</span> <span class='ocrx_word' id='word_1_80' title='bbox 459 1441 495 1489; x_wconf 86' lang='lat' dir='ltr'>bis</span> <span class='ocrx_word' id='word_1_81' title='bbox 505 1443 620 1507; x_wconf 79' lang='lat' dir='ltr'>quintum</span> <span class='ocrx_word' id='word_1_82' title='bbox 630 1440 770 1507; x_wconf 80' lang='lat' dir='ltr'>AEquicolus</span> <span class='ocrx_word' id='word_1_83' title='bbox 780 1438 846 1509; x_wconf 81' lang='lat' dir='ltr'>asper</span> <span class='ocrx_word' id='word_1_84' title='bbox 856 1477 867 1507; x_wconf 86' lang='lat'>,</span> 
     </span>
     <span class='ocr_line' id='line_1_15' title="bbox 196 1516 808 1583; baseline 0.01 -18"><span class='ocrx_word' id='word_1_85' title='bbox 196 1518 220 1565; x_wconf 79' lang='lat' dir='ltr'>A</span> <span class='ocrx_word' id='word_1_86' title='bbox 239 1516 315 1566; x_wconf 90' lang='lat' dir='ltr'>tribus</span> <span class='ocrx_word' id='word_1_87' title='bbox 334 1520 398 1568; x_wconf 89' lang='lat' dir='ltr'>hunc</span> <span class='ocrx_word' id='word_1_88' title='bbox 409 1521 514 1583; x_wconf 80' lang='lat' dir='ltr'>primunr</span> <span class='ocrx_word' id='word_1_89' title='bbox 526 1520 596 1569; x_wconf 88' lang='lat' dir='ltr'>turba</span> <span class='ocrx_word' id='word_1_90' title='bbox 605 1519 719 1570; x_wconf 86' lang='lat' dir='ltr'>Curensis</span> <span class='ocrx_word' id='word_1_91' title='bbox 727 1523 808 1571; x_wconf 85' lang='lat' dir='ltr'>habet.</span> 
     </span>
     <span class='ocr_line' id='line_1_16' title="bbox 163 1588 928 1663; baseline 0.01 -20"><span class='ocrx_word' id='word_1_92' title='bbox 163 1594 196 1645; x_wconf 83' lang='lat' dir='ltr'>Et</span> <span class='ocrx_word' id='word_1_93' title='bbox 218 1596 263 1644; x_wconf 87' lang='lat' dir='ltr'>tibi</span> <span class='ocrx_word' id='word_1_94' title='bbox 280 1600 340 1645; x_wconf 88' lang='lat' dir='ltr'>eom&#39;</span> <span class='ocrx_word' id='word_1_95' title='bbox 353 1599 467 1661; x_wconf 72' lang='lat' dir='ltr'>proavis,</span> <span class='ocrx_word' id='word_1_96' title='bbox 482 1596 551 1647; x_wconf 86' lang='lat' dir='ltr'>miles</span> <span class='ocrx_word' id='word_1_97' title='bbox 564 1597 682 1663; x_wconf 73' lang='lat' dir='ltr'>Peligne,</span> <span class='ocrx_word' id='word_1_98' title='bbox 698 1599 791 1649; x_wconf 80' lang='lat' dir='ltr'>Sabinis</span> <span class='ocrx_word' id='word_1_99' title='bbox 897 1588 928 1636; x_wconf 74' lang='lat'>95</span> 
     </span>
     <span class='ocr_line' id='line_1_17' title="bbox 197 1671 767 1743; baseline 0.007 -21"><span class='ocrx_word' id='word_1_100' title='bbox 197 1671 324 1723; x_wconf 82' lang='lat' dir='ltr'>Convenit</span> <span class='ocrx_word' id='word_1_101' title='bbox 335 1693 342 1723; x_wconf 80' lang='lat' dir='ltr'>s</span> <span class='ocrx_word' id='word_1_102' title='bbox 353 1676 393 1723; x_wconf 89' lang='lat' dir='ltr'>hic</span> <span class='ocrx_word' id='word_1_103' title='bbox 404 1678 470 1739; x_wconf 78' lang='lat' dir='ltr'>genti</span> <span class='ocrx_word' id='word_1_104' title='bbox 479 1686 576 1741; x_wconf 74' lang='lat' dir='ltr'>qrrartm</span> <span class='ocrx_word' id='word_1_105' title='bbox 588 1680 683 1743; x_wconf 85' lang='lat' dir='ltr'>utrique</span> <span class='ocrx_word' id='word_1_106' title='bbox 693 1676 767 1726; x_wconf 83' lang='lat' dir='ltr'>Deus.</span> 
     </span>
    </p>
   </div>
   <div class='ocr_carea' id='block_1_3' title="bbox 87 1751 830 1816">
    <p class='ocr_par' dir='ltr' id='par_1_3' title="bbox 87 1751 830 1816">
     <span class='ocr_line' id='line_1_18' title="bbox 87 1751 830 1816; baseline 0.001 -12"><span class='ocrx_word' id='word_1_107' title='bbox 87 1792 91 1804; x_wconf 91' lang='lat'>.</span> <span class='ocrx_word' id='word_1_108' title='bbox 163 1751 285 1801; x_wconf 78' lang='lat' dir='ltr'>Romulus</span> <span class='ocrx_word' id='word_1_109' title='bbox 298 1788 306 1811; x_wconf 94' lang='lat'>,</span> <span class='ocrx_word' id='word_1_110' title='bbox 318 1754 362 1802; x_wconf 89' lang='lat' dir='ltr'>hos</span> <span class='ocrx_word' id='word_1_111' title='bbox 372 1769 455 1803; x_wconf 86' lang='lat' dir='ltr'>omnes</span> <span class='ocrx_word' id='word_1_112' title='bbox 471 1768 498 1802; x_wconf 92' lang='lat' dir='ltr'>ut</span> <span class='ocrx_word' id='word_1_113' title='bbox 511 1757 618 1804; x_wconf 85' lang='lat' dir='ltr'>vinceret</span> <span class='ocrx_word' id='word_1_114' title='bbox 633 1752 718 1804; x_wconf 85' lang='lat' dir='ltr'>ordine</span> <span class='ocrx_word' id='word_1_115' title='bbox 729 1754 830 1816; x_wconf 84' lang='lat' dir='ltr'>saltem,</span> 
     </span>
    </p>
   </div>
   <div class='ocr_carea' id='block_1_4' title="bbox 88 2762 694 2827">
    <p class='ocr_par' dir='ltr' id='par_1_4' title="bbox 88 2762 694 2827">
     <span class='ocr_line' id='line_1_19' title="bbox 88 2762 694 2827; baseline -0.007 -14"><span class='ocrx_word' id='word_1_116' title='bbox 88 2770 93 2779; x_wconf 91' lang='lat'>&#39;</span> <span class='ocrx_word' id='word_1_117' title='bbox 188 2765 224 2813; x_wconf 92' lang='lat' dir='ltr'>lre</span> <span class='ocrx_word' id='word_1_118' title='bbox 237 2778 278 2827; x_wconf 80' lang='lat' dir='ltr'>pet</span> <span class='ocrx_word' id='word_1_119' title='bbox 295 2762 345 2809; x_wconf 76' lang='lat' dir='ltr'>hee</span> <span class='ocrx_word' id='word_1_120' title='bbox 357 2776 406 2809; x_wconf 89' lang='lat' dir='ltr'>uno</span> <span class='ocrx_word' id='word_1_121' title='bbox 415 2762 494 2809; x_wconf 88' lang='lat' dir='ltr'>mense</span> <span class='ocrx_word' id='word_1_122' title='bbox 506 2762 593 2811; x_wconf 86' lang='lat' dir='ltr'>sotoris</span> <span class='ocrx_word' id='word_1_123' title='bbox 603 2763 694 2827; x_wconf 74' lang='lat' dir='ltr'>equos?</span> 
     </span>
    </p>
   </div>
   <div class='ocr_carea' id='block_1_5' title="bbox 159 1829 921 2750">
    <p class='ocr_par' dir='ltr' id='par_1_5' title="bbox 196 1829 734 1895">
     <span class='ocr_line' id='line_1_20' title="bbox 196 1829 734 1895; baseline 0.002 -16"><span class='ocrx_word' id='word_1_124' title='bbox 196 1831 323 1895; x_wconf 74' lang='lat' dir='ltr'>Sanguinis</span> <span class='ocrx_word' id='word_1_125' title='bbox 340 1832 428 1879; x_wconf 76' lang='lat' dir='ltr'>ausioti</span> <span class='ocrx_word' id='word_1_126' title='bbox 444 1846 553 1895; x_wconf 86' lang='lat' dir='ltr'>tempora</span> <span class='ocrx_word' id='word_1_127' title='bbox 568 1834 646 1895; x_wconf 82' lang='lat' dir='ltr'>prima</span> <span class='ocrx_word' id='word_1_128' title='bbox 657 1829 734 1881; x_wconf 86' lang='lat' dir='ltr'>dedit.</span> 
     </span>
    </p>

    <p class='ocr_par' dir='ltr' id='par_1_6' title="bbox 163 1905 879 2050">
     <span class='ocr_line' id='line_1_21' title="bbox 163 1905 879 1973; baseline 0.001 -14"><span class='ocrx_word' id='word_1_129' title='bbox 163 1906 217 1959; x_wconf 88' lang='lat' dir='ltr'>Nec</span> <span class='ocrx_word' id='word_1_130' title='bbox 235 1905 341 1957; x_wconf 84' lang='lat' dir='ltr'>totidem</span> <span class='ocrx_word' id='word_1_131' title='bbox 355 1923 466 1968; x_wconf 87' lang='lat' dir='ltr'>veteres,</span> <span class='ocrx_word' id='word_1_132' title='bbox 487 1921 548 1973; x_wconf 91' lang='lat' dir='ltr'>quot</span> <span class='ocrx_word' id='word_1_133' title='bbox 558 1924 622 1957; x_wconf 85' lang='lat' dir='ltr'>nunc</span> <span class='ocrx_word' id='word_1_134' title='bbox 632 1910 736 1957; x_wconf 80' lang='lat' dir='ltr'>habuere</span> <span class='ocrx_word' id='word_1_135' title='bbox 751 1906 879 1960; x_wconf 74' lang='lat' dir='ltr'>talenduss</span> 
     </span>
     <span class='ocr_line' id='line_1_22' title="bbox 195 1985 757 2050; baseline 0.005 -16"><span class='ocrx_word' id='word_1_136' title='bbox 195 1985 242 2035; x_wconf 85' lang='lat' dir='ltr'>Ille</span> <span class='ocrx_word' id='word_1_137' title='bbox 257 1989 338 2035; x_wconf 84' lang='lat' dir='ltr'>minor</span> <span class='ocrx_word' id='word_1_138' title='bbox 355 1988 456 2050; x_wconf 70' lang='lat' dir='ltr'>genuinis</span> <span class='ocrx_word' id='word_1_139' title='bbox 470 1986 592 2037; x_wconf 86' lang='lat' dir='ltr'>tnensibus</span> <span class='ocrx_word' id='word_1_140' title='bbox 609 2002 683 2035; x_wconf 80' lang='lat' dir='ltr'>annus</span> <span class='ocrx_word' id='word_1_141' title='bbox 698 2001 757 2037; x_wconf 80' lang='lat' dir='ltr'>erat.</span> 
     </span>
    </p>

    <p class='ocr_par' dir='ltr' id='par_1_7' title="bbox 161 2061 796 2205">
     <span class='ocr_line' id='line_1_23' title="bbox 161 2061 739 2121; baseline 0 -6"><span class='ocrx_word' id='word_1_142' title='bbox 161 2062 282 2115; x_wconf 87' lang='lat' dir='ltr'>Nondum</span> <span class='ocrx_word' id='word_1_143' title='bbox 298 2061 427 2113; x_wconf 82' lang='lat' dir='ltr'>tradideras</span> <span class='ocrx_word' id='word_1_144' title='bbox 438 2066 508 2117; x_wconf 71' lang='lat' dir='ltr'>tisias</span> <span class='ocrx_word' id='word_1_145' title='bbox 518 2066 647 2115; x_wconf 76' lang='lat' dir='ltr'>uisioribus</span> <span class='ocrx_word' id='word_1_146' title='bbox 662 2079 739 2121; x_wconf 85' lang='lat' dir='ltr'>artes,</span> 
     </span>
     <span class='ocr_line' id='line_1_24' title="bbox 193 2136 796 2205; baseline 0.003 -16"><span class='ocrx_word' id='word_1_147' title='bbox 193 2140 308 2193; x_wconf 71' lang='lat' dir='ltr'>Grecis,</span> <span class='ocrx_word' id='word_1_148' title='bbox 328 2136 459 2191; x_wconf 84' lang='lat' dir='ltr'>facundum</span> <span class='ocrx_word' id='word_1_149' title='bbox 473 2172 481 2197; x_wconf 90' lang='lat'>‚</span> <span class='ocrx_word' id='word_1_150' title='bbox 494 2136 699 2200; x_wconf 63' lang='lat' dir='ltr'>taciturniores,</span> <span class='ocrx_word' id='word_1_151' title='bbox 711 2156 796 2205; x_wconf 73' lang='lat' dir='ltr'>genus.</span> 
     </span>
    </p>

    <p class='ocr_par' dir='ltr' id='par_1_8' title="bbox 160 2214 780 2358">
     <span class='ocr_line' id='line_1_25' title="bbox 160 2214 780 2280; baseline 0.002 -16"><span class='ocrx_word' id='word_1_152' title='bbox 160 2214 211 2277; x_wconf 87' lang='lat' dir='ltr'>Qui</span> <span class='ocrx_word' id='word_1_153' title='bbox 222 2218 283 2265; x_wconf 84' lang='lat' dir='ltr'>bene</span> <span class='ocrx_word' id='word_1_154' title='bbox 290 2214 420 2280; x_wconf 75' lang='lat' dir='ltr'>pugnirat‚</span> <span class='ocrx_word' id='word_1_155' title='bbox 433 2216 566 2267; x_wconf 86' lang='lat' dir='ltr'>Romanam</span> <span class='ocrx_word' id='word_1_156' title='bbox 576 2231 676 2265; x_wconf 84' lang='lat' dir='ltr'>noverat</span> <span class='ocrx_word' id='word_1_157' title='bbox 687 2230 780 2277; x_wconf 66' lang='lat' dir='ltr'>uterne</span> 
     </span>
     <span class='ocr_line' id='line_1_26' title="bbox 191 2290 743 2358; baseline -0.002 -14"><span class='ocrx_word' id='word_1_158' title='bbox 191 2294 292 2343; x_wconf 82' lang='lat' dir='ltr'>Mittere</span> <span class='ocrx_word' id='word_1_159' title='bbox 308 2296 350 2357; x_wconf 91' lang='lat' dir='ltr'>qui</span> <span class='ocrx_word' id='word_1_160' title='bbox 367 2306 460 2357; x_wconf 78' lang='lat' dir='ltr'>poterut</span> <span class='ocrx_word' id='word_1_161' title='bbox 477 2292 544 2358; x_wconf 76' lang='lat' dir='ltr'>pila,</span> <span class='ocrx_word' id='word_1_162' title='bbox 560 2290 662 2343; x_wconf 85' lang='lat' dir='ltr'>disertus</span> <span class='ocrx_word' id='word_1_163' title='bbox 681 2309 743 2343; x_wconf 78' lang='lat' dir='ltr'>erat.</span> 
     </span>
    </p>

    <p class='ocr_par' dir='ltr' id='par_1_9' title="bbox 160 2365 921 2515">
     <span class='ocr_line' id='line_1_27' title="bbox 160 2365 921 2434; baseline 0.001 -13"><span class='ocrx_word' id='word_1_164' title='bbox 160 2372 221 2434; x_wconf 89' lang='lat' dir='ltr'>Quis</span> <span class='ocrx_word' id='word_1_165' title='bbox 237 2386 295 2421; x_wconf 87' lang='lat' dir='ltr'>tunc</span> <span class='ocrx_word' id='word_1_166' title='bbox 306 2386 347 2421; x_wconf 88' lang='lat' dir='ltr'>aut</span> <span class='ocrx_word' id='word_1_167' title='bbox 358 2368 470 2433; x_wconf 85' lang='lat' dir='ltr'>Hyadas,</span> <span class='ocrx_word' id='word_1_168' title='bbox 486 2386 527 2420; x_wconf 91' lang='lat' dir='ltr'>ant</span> <span class='ocrx_word' id='word_1_169' title='bbox 539 2369 646 2422; x_wconf 78' lang='lat' dir='ltr'>Pleiadas</span> <span class='ocrx_word' id='word_1_170' title='bbox 655 2371 778 2423; x_wconf 81' lang='lat' dir='ltr'>Atlanteas</span> <span class='ocrx_word' id='word_1_171' title='bbox 878 2365 921 2415; x_wconf 86' lang='lat'>¹⁰5</span> 
     </span>
     <span class='ocr_line' id='line_1_28' title="bbox 190 2446 760 2515; baseline 0 -15"><span class='ocrx_word' id='word_1_172' title='bbox 190 2452 320 2509; x_wconf 81' lang='lat' dir='ltr'>Senserat,</span> <span class='ocrx_word' id='word_1_173' title='bbox 335 2464 376 2499; x_wconf 88' lang='lat' dir='ltr'>aut</span> <span class='ocrx_word' id='word_1_174' title='bbox 386 2451 495 2513; x_wconf 80' lang='lat' dir='ltr'>geminos</span> <span class='ocrx_word' id='word_1_175' title='bbox 506 2446 552 2498; x_wconf 81' lang='lat' dir='ltr'>elle</span> <span class='ocrx_word' id='word_1_176' title='bbox 564 2451 607 2499; x_wconf 85' lang='lat' dir='ltr'>sub</span> <span class='ocrx_word' id='word_1_177' title='bbox 616 2466 659 2499; x_wconf 79' lang='lat' dir='ltr'>axe</span> <span class='ocrx_word' id='word_1_178' title='bbox 667 2450 738 2515; x_wconf 82' lang='lat' dir='ltr'>polos</span> <span class='ocrx_word' id='word_1_179' title='bbox 749 2454 760 2500; x_wconf 71' lang='lat' dir='ltr'>i</span> 
     </span>
    </p>

    <p class='ocr_par' dir='ltr' id='par_1_10' title="bbox 159 2526 750 2669">
     <span class='ocr_line' id='line_1_29' title="bbox 159 2526 750 2597; baseline 0.002 -19"><span class='ocrx_word' id='word_1_180' title='bbox 159 2526 213 2597; x_wconf 55' lang='lat' dir='ltr'>zise</span> <span class='ocrx_word' id='word_1_181' title='bbox 223 2526 282 2577; x_wconf 87' lang='lat' dir='ltr'>duas</span> <span class='ocrx_word' id='word_1_182' title='bbox 296 2528 377 2576; x_wconf 74' lang='lat' dir='ltr'>Areios</span> <span class='ocrx_word' id='word_1_183' title='bbox 386 2560 395 2585; x_wconf 89' lang='lat'>‚</span> <span class='ocrx_word' id='word_1_184' title='bbox 404 2542 506 2592; x_wconf 85' lang='lat' dir='ltr'>quatum</span> <span class='ocrx_word' id='word_1_185' title='bbox 519 2526 646 2589; x_wconf 83' lang='lat' dir='ltr'>Cynosura</span> <span class='ocrx_word' id='word_1_186' title='bbox 656 2544 750 2593; x_wconf 76' lang='lat' dir='ltr'>petatur</span> 
     </span>
     <span class='ocr_line' id='line_1_30' title="bbox 190 2603 717 2669; baseline -0.002 -14"><span class='ocrx_word' id='word_1_187' title='bbox 190 2603 295 2655; x_wconf 85' lang='lat' dir='ltr'>Sidoniis</span> <span class='ocrx_word' id='word_1_188' title='bbox 307 2621 316 2662; x_wconf 77' lang='lat'>3</span> <span class='ocrx_word' id='word_1_189' title='bbox 333 2604 434 2653; x_wconf 82' lang='lat' dir='ltr'>Helicen</span> <span class='ocrx_word' id='word_1_190' title='bbox 452 2605 524 2669; x_wconf 72' lang='lat' dir='ltr'>Graia</span> <span class='ocrx_word' id='word_1_191' title='bbox 535 2609 615 2655; x_wconf 84' lang='lat' dir='ltr'>catina</span> <span class='ocrx_word' id='word_1_192' title='bbox 625 2610 717 2655; x_wconf 75' lang='lat' dir='ltr'>notet?</span> 
     </span>
    </p>

    <p class='ocr_par' dir='ltr' id='par_1_11' title="bbox 159 2681 819 2750">
     <span class='ocr_line' id='line_1_31' title="bbox 159 2681 819 2750; baseline -0.003 -20"><span class='ocrx_word' id='word_1_193' title='bbox 159 2685 277 2750; x_wconf 80' lang='lat' dir='ltr'>signaque</span> <span class='ocrx_word' id='word_1_194' title='bbox 294 2698 347 2748; x_wconf 77' lang='lat' dir='ltr'>quae</span> <span class='ocrx_word' id='word_1_195' title='bbox 365 2681 439 2746; x_wconf 81' lang='lat' dir='ltr'>longo</span> <span class='ocrx_word' id='word_1_196' title='bbox 455 2681 526 2733; x_wconf 81' lang='lat' dir='ltr'>states</span> <span class='ocrx_word' id='word_1_197' title='bbox 541 2681 677 2747; x_wconf 80' lang='lat' dir='ltr'>percenseat</span> <span class='ocrx_word' id='word_1_198' title='bbox 693 2699 775 2744; x_wconf 88' lang='lat' dir='ltr'>anno,</span> <span class='ocrx_word' id='word_1_199' title='bbox 817 2723 819 2728; x_wconf 93' lang='lat'><em>.</em></span> 
     </span>
    </p>
   </div>
   <div class='ocr_carea' id='block_1_6' title="bbox 882 1978 929 2013">
    <p class='ocr_par' dir='ltr' id='par_1_12' title="bbox 882 1978 929 2013">
     <span class='ocr_line' id='line_1_32' title="bbox 882 1978 929 2013; baseline 0.064 -3"><span class='ocrx_word' id='word_1_200' title='bbox 882 1978 929 2013; x_wconf 73' lang='lat'>100</span> 
     </span>
    </p>
   </div>
   <div class='ocr_carea' id='block_1_7' title="bbox 875 2748 920 2784">
    <p class='ocr_par' dir='ltr' id='par_1_13' title="bbox 875 2748 920 2784">
     <span class='ocr_line' id='line_1_33' title="bbox 875 2748 920 2784; baseline 0.089 -4"><span class='ocrx_word' id='word_1_201' title='bbox 875 2748 920 2784; x_wconf 85' lang='lat'>110</span> 
     </span>
    </p>
   </div>
   <div class='ocr_carea' id='block_1_8' title="bbox 157 2838 777 3143">
    <p class='ocr_par' dir='ltr' id='par_1_14' title="bbox 157 2838 777 3143">
     <span class='ocr_line' id='line_1_34' title="bbox 159 2838 754 2903; baseline -0.008 -11"><span class='ocrx_word' id='word_1_202' title='bbox 159 2843 242 2893; x_wconf 78' lang='lat' dir='ltr'>Libera</span> <span class='ocrx_word' id='word_1_203' title='bbox 260 2839 404 2897; x_wconf 83' lang='lat' dir='ltr'>currebant,</span> <span class='ocrx_word' id='word_1_204' title='bbox 415 2842 440 2887; x_wconf 74' lang='lat' dir='ltr'>Sc</span> <span class='ocrx_word' id='word_1_205' title='bbox 451 2838 602 2891; x_wconf 83' lang='lat' dir='ltr'>inobservata</span> <span class='ocrx_word' id='word_1_206' title='bbox 612 2855 653 2903; x_wconf 85' lang='lat' dir='ltr'>per</span> <span class='ocrx_word' id='word_1_207' title='bbox 663 2854 754 2889; x_wconf 86' lang='lat' dir='ltr'>annum</span> 
     </span>
     <span class='ocr_line' id='line_1_35' title="bbox 187 2913 729 2975; baseline -0.011 -4"><span class='ocrx_word' id='word_1_208' title='bbox 187 2918 286 2971; x_wconf 78' lang='lat' dir='ltr'>Sidera:</span> <span class='ocrx_word' id='word_1_209' title='bbox 300 2915 421 2967; x_wconf 84' lang='lat' dir='ltr'>constabat</span> <span class='ocrx_word' id='word_1_210' title='bbox 432 2947 441 2975; x_wconf 89' lang='lat'>,</span> <span class='ocrx_word' id='word_1_211' title='bbox 455 2913 496 2965; x_wconf 87' lang='lat' dir='ltr'>sed</span> <span class='ocrx_word' id='word_1_212' title='bbox 508 2931 588 2965; x_wconf 84' lang='lat' dir='ltr'>tamen</span> <span class='ocrx_word' id='word_1_213' title='bbox 598 2913 645 2965; x_wconf 83' lang='lat' dir='ltr'>elle</span> <span class='ocrx_word' id='word_1_214' title='bbox 654 2916 729 2965; x_wconf 88' lang='lat' dir='ltr'>Deos.</span> 
     </span>
     <span class='ocr_line' id='line_1_36' title="bbox 157 2996 692 3060; baseline -0.015 -10"><span class='ocrx_word' id='word_1_215' title='bbox 157 3000 213 3053; x_wconf 81' lang='lat' dir='ltr'>Non</span> <span class='ocrx_word' id='word_1_216' title='bbox 229 2997 267 3047; x_wconf 90' lang='lat' dir='ltr'>illi</span> <span class='ocrx_word' id='word_1_217' title='bbox 279 2996 343 3045; x_wconf 75' lang='lat' dir='ltr'>colo</span> <span class='ocrx_word' id='word_1_218' title='bbox 360 2997 463 3045; x_wconf 79' lang='lat' dir='ltr'>labentia</span> <span class='ocrx_word' id='word_1_219' title='bbox 477 2999 543 3060; x_wconf 82' lang='lat' dir='ltr'>signa</span> <span class='ocrx_word' id='word_1_220' title='bbox 554 2997 692 3046; x_wconf 84' lang='lat' dir='ltr'>movebant.</span> 
     </span>
     <span class='ocr_line' id='line_1_37' title="bbox 187 3072 777 3143; baseline -0.012 -13"><span class='ocrx_word' id='word_1_221' title='bbox 187 3074 233 3130; x_wconf 85' lang='lat' dir='ltr'>srd</span> <span class='ocrx_word' id='word_1_222' title='bbox 250 3076 306 3127; x_wconf 78' lang='lat' dir='ltr'>suat</span> <span class='ocrx_word' id='word_1_223' title='bbox 319 3090 372 3143; x_wconf 73' lang='lat' dir='ltr'>qua</span> <span class='ocrx_word' id='word_1_224' title='bbox 383 3089 497 3141; x_wconf 73' lang='lat' dir='ltr'>magnum</span> <span class='ocrx_word' id='word_1_225' title='bbox 507 3072 605 3139; x_wconf 70' lang='lat' dir='ltr'>perdor</span> <span class='ocrx_word' id='word_1_226' title='bbox 618 3077 709 3125; x_wconf 83' lang='lat' dir='ltr'>crimen</span> <span class='ocrx_word' id='word_1_227' title='bbox 719 3086 777 3125; x_wconf 85' lang='lat' dir='ltr'>erut.</span> 
     </span>
    </p>
   </div>
   <div class='ocr_carea' id='block_1_9' title="bbox 0 0 1172 3917">
    <p class='ocr_par' dir='ltr' id='par_1_15' title="bbox 0 0 1172 3917">
     <span class='ocr_line' id='line_1_38' title="bbox 0 0 1172 3917; baseline 0 2"><span class='ocrx_word' id='word_1_228' title='bbox 0 0 1172 3917; x_wconf 95' lang='lat' dir='ltr'> </span> 
     </span>
    </p>
   </div>
  </div>
 </body>
</html>
