2334 3917
258 408 325 494 258
399 403 441 470 P.
465 405 622 471 omri
644 403 840 474 NASONIS

256 523 319 574 Nam
328 520 395 589 quod
404 539 460 588 opes
471 537 552 574 teneat
558 525 661 590 patrias.
673 523 740 592 quod
752 529 851 576 nomina
864 527 938 581 civis,

286 601 397 667 Denique
411 600 478 668 quod
487 605 567 661 vivat,
580 617 666 652 munus
675 606 760 654 habere
771 604 826 654 Dei.

255 681 291 730 Te
303 693 383 730 tamen
396 715 404 741 ‚
418 678 452 730 6!
464 683 483 728 si
494 679 554 746 quid
565 680 641 732 credis
653 684 713 731 mihi
727 685 821 742 carior,
839 682 894 737 ilie,

287 757 423 819 Omnibus,
435 761 461 808 iu
471 771 526 815 toto,
535 751 630 824 peiiore
641 762 731 825 semper
741 763 823 810 habet.

208 848 236 894 ²5
255 835 339 900 Teque
348 834 530 897 Menoetiaden,
543 851 567 886 te
578 840 620 904 qui
630 841 755 887 comitavit
764 838 879 899 Oresten,

238 942 242 952 ·
289 915 325 963 Te
339 913 541 980 vocatAEgiden,
558 914 736 981 Euryalumque
747 917 824 964 suum.

257 992 309 1042 Nec
325 996 427 1059 patriam
443 995 518 1058 magis
526 991 568 1041 ille
579 994 646 1043 suam
657 991 793 1055 desiderat,
808 997 832 1043 &
844 1010 899 1060 quae

289 1071 396 1122 Plurima
407 1087 461 1120 tum
471 1069 548 1136 patrii
557 1072 630 1120 sentit
636 1067 713 1121 abess'e
724 1071 779 1130 su33

259 1149 341 1212 Quim
349 1149 430 1201 vultus
439 1150 571 1217 oculosque
582 1165 654 1211 tuos,
669 1151 701 1200 o!
714 1148 808 1199 dulcior
815 1149 861 1198 ilio

213 1237 242 1285 ιο
292 1228 368 1277 Melie
379 1262 388 1288 ,
401 1225 469 1296 quod
480 1231 505 1278 iri
517 1231 576 1277 cerie
587 1229 666 1280 Attica
678 1230 748 1294 ponit
761 1227 825 1293 episi

260 1308 324 1371 Saepe
334 1309 407 1355 eriam
418 1321 518 1356 merens
529 1318 624 1372 tempus
633 1305 792 1356 reminiscitur
804 1302 866 1355 iliud
876 1340 885 1366 ,

292 1381 366 1445 Quod
376 1399 426 1432 uon
439 1397 585 1449 preventum
596 1398 674 1434 morte
685 1382 754 1433 fuiffe
765 1382 841 1448 dulce.

259 1462 427 1529 Crimque'alii
438 1461 548 1526 sugerem
559 1461 643 1514 subiere
654 1465 766 1528 contagia
777 1458 868 1521 ciadis,

290 1539 343 1589 Nec
353 1537 443 1608 velient
453 1541 505 1590 ieie
516 1539 591 1608 iimeu
601 1538 667 1590 adire
683 1537 787 1598 domiue
806 1602 809 1610 Ι

214 1624 241 1670 35
260 1618 296 1668 Te
310 1619 355 1668 eibi
366 1633 422 1668 cum
433 1622 514 1685 paucis
523 1616 753 1669 meminiemamiss'e
765 1615 860 1668 fidelem
871 1633 878 1665 e

293 1696 318 1744 Si
331 1710 420 1760 paucos
430 1694 517 1759 aliquis¹
527 1707 603 1744 tresve
614 1691 704 1744 duosve
714 1709 795 1743 vocar.

263 1772 379 1834 Quamvis
387 1774 506 1823 attonitus
518 1806 526 1832 ‚
539 1773 614 1821 seuei'e
625 1786 707 1820 tamen
718 1774 800 1821 omnia
812 1791 817 1820 :
829 1781 874 1822 nee
884 1787 907 1822 te

294 1853 323 1900 Se
333 1850 412 1900 mimis
422 1849 525 1900 adversis
534 1847 663 1899 indoluiffe
670 1851 726 1899 suis.

262 1929 342 1978 Verba
353 1930 433 1989 solet,
452 1929 595 1994 vultumque
606 1943 687 1983 tuum,
699 1921 849 1996 gemitusque
863 1929 964 1982 referres

215 2022 248 2064 40
297 2006 342 2066 Er,
355 2005 473 2067 reflenre,
491 2009 545 2056 suos
555 2005 708 2056 immaduiffe
720 2009 792 2057 sinus.

264 2083 344 2144 Quam
355 2083 538 2148 sibipraestiterie
549 2085 622 2150 ‚qui
633 2084 769 2135 consolatus
780 2087 886 2135 amicum

298 2163 333 2210 sis
344 2178 389 2226 ope
398 2178 405 2219 ;
417 2160 529 2210 solandus
539 2162 595 2211 crim
603 2163 674 2211 simui
684 2166 732 2228 ipse
745 2163 816 2214 fores.

265 2242 312 2292 Pro
325 2242 411 2308 quibus
423 2239 527 2293 affirmat
539 2241 592 2291 fore
603 2242 626 2291 se
641 2259 821 2308 memoremque
832 2245 948 2309 piumque
955 2259 964 2303 ς

298 2320 351 2369 Sive
362 2317 426 2368 diem
436 2318 535 2379 videat,
551 2323 600 2369 eive
611 2335 704 2385 tegatur
715 2323 799 2370 humo.

217 2401 246 2452 45
267 2397 310 2446 Per
322 2413 393 2462 caput
404 2400 453 2463 ipse
463 2399 532 2446 suum
542 2399 626 2448 solitus
636 2401 713 2464 jurare
724 2413 857 2466 tuumque,

299 2474 372 2535 Quod
383 2478 431 2524 scio
442 2489 491 2526 uon
501 2476 538 2525 illi
546 2476 618 2526 vilius
629 2473 675 2525 esse
686 2477 738 2526 suo.

260 2552 339 2602 'Plena
350 2569 387 2603 tot
397 2548 423 2603 ae
435 2558 506 2604 tantis
520 2555 635 2604 referetur
648 2557 723 2620 gratia
735 2553 815 2605 fariis:

300 2630 352 2680 Nec
362 2635 424 2682 sinet
436 2633 477 2681 ille
486 2649 539 2682 tuos
552 2634 608 2683 litus
620 2651 683 2684 arare
695 2635 777 2684 boves,

269 2709 315 2758 Fac
326 2708 402 2758 modu
413 2712 546 2761 constanter
557 2713 688 2778 profugum
698 2727 778 2762 tueare
786 2729 793 2760 ι
802 2709 868 2776 quod
881 2710 939 2772 ille,

223 2804 252 2852 50
303 2786 351 2850 Qui
363 2792 453 2850 benere
464 2793 551 2853 novit,
563 2807 613 2840 non
625 2806 707 2856 rogat,
724 2791 774 2856 ipsa
788 2805 857 2856 rogo.
