2334 3917
241 361 379 449 Errat.
396 396 452 448 ax
467 380 621 451 Porro
638 381 678 450 L.
692 383 762 454 IV.
816 406 884 474 357

169 496 218 554 Pro
234 505 319 568 quibua
338 516 366 553 ut
383 504 474 551 meritis
490 502 606 553 reseratur
617 507 708 569 gratia,
719 509 800 570 jurat,

205 581 234 629 Se
252 580 304 629 fore
321 582 434 644 mancipii
455 595 549 644 tempus
566 583 593 629 in
608 597 680 631 omne
697 584 742 631 tui.
905 589 938 635 40

174 656 239 708 Nam
261 657 326 721 ptirlt
345 656 458 707 umbrosi
477 660 591 705 carituros
612 659 695 707 arbore
713 676 823 723 montet,

209 734 240 783 Et
255 735 316 785 freta
326 734 442 785 velivolas
460 750 509 783 non
523 736 632 783 habitura
645 751 719 791 taret,

174 811 333 879 fluminaque
349 815 375 861 in
392 811 471 861 suntet
488 812 558 861 cursu
576 809 682 862 reditura
696 816 802 877 supiuoa

209 890 292 939 Gratia
310 888 385 955 qudm
401 889 481 937 meriti
497 891 572 954 possit
588 889 652 939 abire
669 892 715 939 tui.

178 965 236 1017 Hac
253 968 294 1015 ubi
310 964 432 1024 dixeritis,
447 965 522 1014 servet
538 966 579 1013 sua
596 963 678 1026 dona,
695 980 787 1031 rogate.
909 980 938 1029 45
1004 998 1008 1003 -
1028 969 1031 973 “

210 1046 249 1093 Sic
263 1043 335 1095 fuerit
350 1043 430 1097 vestra
445 1043 514 1092 causa
528 1045 622 1107 perella
635 1045 689 1095 viae.

83 1176 89 1183 ὴ
184 1172 888 1247 (πξὲῆζὲὲξπὶ

311 1316 766 1381 ΕΡιεΤοιΑνι.

417 1478 675 1542 Βκυται
801 1457 804 1461 ’

188 1542 281 1691 Ota
293 1654 310 1690 a
321 1656 343 1690 ιι
361 1640 435 1705 legit,
454 1656 482 1690 ex
496 1638 544 1689 illis
556 1639 601 1689 tibi
610 1642 677 1689 venit
689 1639 803 1705 epistola,
814 1641 901 1704 Brute,

216 1716 345 1767 -Nasouem
365 1717 442 1767 nolles
459 1719 587 1784 inquibus
604 1714 671 1778 elle,
690 1719 758 1767 locis.

190 1791 253 1853 sed,
273 1810 298 1844 tu
315 1792 382 1861 quod
398 1793 489 1849 nolles,
502 1793 580 1843 voluit
595 1793 729 1842 miserabile
749 1793 834 1845 satum.

224 1870 270 1920 Hei
285 1872 361 1921 mihil
379 1870 431 1936 plut
446 1868 523 1930 illud,
541 1870 615 1935 quim
634 1886 674 1920 tua
692 1885 769 1931 vota,
788 1873 861 1923 valet·

189 1946 217 1996 ln
227 1949 324 2011 Scythia
333 1950 402 1997 nobis
409 1951 567 2015 quinquennia
576 1948 701 2013 Olympias
711 1951 760 1999 ada
771 1951 803 1999 est
813 1970 819 1999 ι
923 1956 927 1966 “

224 2026 276 2075 Jam
295 2042 387 2092 tempus
404 2026 469 2075 lustri
488 2029 571 2077 transit
587 2030 613 2075 in
628 2026 733 2076 alterius.

192 2102 282 2157 Perstat
296 2108 361 2157 enim
374 2106 480 2155 Fortuna
495 2119 584 2163 tenax,
602 2107 713 2170 votisque
727 2106 861 2171 malignum

227 2183 335 2248 Opponit
352 2184 434 2233 uostris
451 2180 564 2233 insidiosa
577 2180 672 2249 pedem.

196 2256 282 2310 Certus
294 2276 342 2309 eras
353 2278 396 2325 pro
412 2277 471 2320 me,
486 2260 563 2309 fabia
579 2260 639 2318 lux,
657 2260 784 2320 Maxime,
799 2263 891 2325 gentis,

231 2335 327 2384 Numen
344 2334 374 2385 ad
392 2336 522 2400 Augustum
538 2335 643 2400 supplice
658 2352 717 2384 voce
730 2335 806 2400 loqui.
928 2361 956 2393 η

195 2411 296 2463 Occidis
307 2429 361 2463 ante
371 2430 466 2481 preces3
477 2414 670 2479 causamqueego
679 2447 686 2470 ‚
696 2412 816 2475 Maxime,
824 2418 910 2466 mortis

204 2498 207 2501 '
238 2489 307 2557 (Nec
318 2490 410 2543 sueram
423 2491 500 2557 tanti)
518 2507 557 2541 me
574 2507 627 2539 reor
638 2488 684 2538 elle
695 2505 749 2539 tuae.

199 2570 252 2619 Jam
271 2573 345 2620 timeo
360 2568 465 2621 nostram
481 2570 595 2633 cuiquam
609 2565 722 2617 mandare
739 2568 861 2617 salutem:

234 2646 314 2711 lpsum
336 2659 413 2694 morte
435 2640 476 2693 tud
494 2641 602 2692 contidit
622 2642 745 2691 auxilium.
1037 2706 1041 2713 ,

201 2722 316 2797 Coeperat
330 2721 445 2788 Augustus
463 2718 566 2785 decepta
583 2720 704 2784 ignoscere
717 2720 807 2786 culp23
932 2755 958 2803 ,ς

234 2804 304 2866 Spem
324 2800 447 2860 nostram,
468 2813 539 2850 terras
559 2794 707 2863 deseruitque
727 2799 807 2848 timul.

202 2878 279 2939 Quale
297 2894 378 2928 tamen
398 2880 466 2943 potui
482 2874 512 2925 de
530 2875 630 2930 coelite,
648 2875 737 2937 Brute,
760 2881 850 2928 recenti
957 2892 962 2897 “

236 2956 316 3006 Vestra
332 2955 416 3021 procul
434 2956 523 3021 positus
539 2970 635 3005 carmen
650 2956 675 3003 iu
690 2971 731 3003 ora
742 2953 807 3005 dedi.

204 3032 262 3097 Qua
276 3038 350 3104 prosit
360 3037 434 3107 pietat
448 3036 539 3083 utinam
550 3034 611 3082 milti
625 3032 632 3083 l
649 3034 726 3101 aitque
735 3032 855 3087 malorum
