2334 3917
256 367 327 448 296
398 362 441 430 P.
472 361 629 428 0V1n11
661 365 856 433 ursonis

286 483 380 532 Ducam
395 482 509 532 ruricolas
521 484 631 548 subjuga
641 483 720 550 panda
730 487 812 536 boves.

208 553 234 596 ll
255 560 285 608 Et
296 557 403 618 discam,
415 561 495 610 Getici
507 578 561 626 que
575 565 658 611 norint
668 564 739 612 verba
749 566 862 628 juvenci,

285 633 392 685 Alluetae
402 638 451 686 illis
460 637 619 704 adjiciamque
631 643 715 690 minat.

111 732 139 786 0
254 713 319 777 Ipse,
330 731 404 764 manu
415 717 528 781 capulum
539 721 617 781 prensi
628 717 764 780 moderatus
774 719 845 768 atatti
852 751 862 777 ,

288 791 400 858 Experiar
413 794 481 844 moti
493 797 602 860 spargere
617 798 696 846 semen
711 799 797 846 humo.

255 869 308 920 Nec
319 869 428 922 dubitem
439 872 517 937 longis
528 890 627 938 purgare
639 875 757 938 ligonibus
769 889 838 927 arva.

210 951 241 987 ⁶⁰
291 951 323 1000 Et
333 948 389 1000 dare
398 955 466 1015 jam,
477 954 558 1000 sitiens
569 968 627 1017 quas
638 954 704 1002 bibat
714 955 797 1001 hortus
804 985 813 1012 ,
826 965 908 1016 aquae.

258 1026 330 1077 Unde
340 1027 381 1078 sed
390 1031 436 1078 hoe
448 1029 532 1088 nobit,
543 1033 672 1078 minimum
684 1046 744 1095 quos
755 1033 817 1078 inter
828 1032 853 1077 δι
865 1027 958 1078 bollein

291 1105 428 1155 Discrimen
437 1122 519 1154 murus
530 1106 655 1171 clausaque
672 1122 741 1171 porta
753 1106 826 1156 faciti

259 1184 292 1231 At
302 1182 347 1230 tibi
357 1184 477 1242 nascenti,
489 1181 556 1248 quod
567 1198 621 1232 toto
632 1186 725 1248 pectore
735 1182 804 1233 laetor
810 1215 821 1243 ,
862 1229 865 1236 .

292 1258 387 1308 Nerunt
401 1259 483 1310 fatales
495 1260 567 1310 fortia
580 1259 622 1310 fila
635 1261 701 1310 Deae.

213 1350 240 1405 ές
261 1337 297 1386 Te
307 1334 383 1386 modb
391 1336 497 1402 Campus
504 1340 592 1398 habet,
604 1336 676 1388 densi
684 1337 760 1389 modo
767 1341 873 1405 porticus
881 1338 976 1388 umbri:

294 1413 380 1474 Nunc,
392 1418 479 1481 inquo
490 1420 560 1480 ponit
571 1432 680 1482 tempora
690 1434 758 1478 rara,
771 1419 869 1466 Forum.

261 1492 364 1542 Umbria
376 1509 440 1542 nunc
454 1510 552 1545 revocat
565 1513 572 1543 c
589 1505 693 1544 necnon
707 1494 799 1544 Albana
813 1509 936 1560 petentem

295 1572 372 1636 Appia
384 1571 486 1622 ferventi
500 1569 568 1621 ducit
583 1575 609 1620 in
626 1589 681 1622 arva
699 1572 761 1622 roti.

264 1651 373 1698 Forsitan
382 1646 423 1697 hic
436 1664 519 1714 optes,
532 1663 558 1698 ut
567 1649 652 1714 justam
665 1651 795 1714 supprimat
805 1652 866 1700 iram

217 1735 248 1777 70
298 1727 398 1784 Calact
416 1730 440 1776 bt
459 1729 590 1793 hospitium
607 1730 637 1776 sit
654 1741 694 1776 tua
704 1725 762 1778 villa
772 1745 864 1776 mcum.

266 1807 316 1855 Ah!
325 1808 429 1856 nimium
437 1806 484 1866 est,
492 1802 573 1872 quod,
581 1807 671 1865 amice,
680 1807 751 1870 petis:
759 1804 904 1855 moderatius
909 1821 979 1872 optat

299 1884 331 1932 Et
341 1887 408 1942 voti,
420 1886 499 1949 quaeso
509 1918 517 1943 ‚
528 1886 642 1934 contrahe
652 1883 705 1934 vela
719 1888 763 1933 tui.

267 1963 340 2009 Terra
352 1961 426 2010 velim
440 1964 555 2024 propior,
571 1961 680 2027 nullique
691 1963 794 2011 obnoxia
806 1961 870 2010 bello
878 1997 888 2017 ,

299 2038 398 2086 Detur:
416 2041 461 2086 erit
477 2037 628 2103 nostrispars
644 2040 707 2088 bona
724 2037 805 2090 demta
820 2041 900 2090 malis.

285 2167 965 2242 o=24lstflm42

401 2311 742 2391 EPISTOLA
782 2314 856 2374 IX.

480 2449 779 2521 MAXIMO.

271 2547 363 2691 On
374 2635 396 2669 n·
416 2622 477 2671 mihi
491 2620 521 2674 de
535 2639 605 2688 rapto
623 2637 663 2672 tua
677 2623 744 2671 venit
760 2620 857 2686 epillola
868 2621 944 2672 Celso

337 2693 490 2746 Protinus‘est
501 2697 613 2758 lacrymis
623 2695 722 2745 humida
734 2696 793 2744 frua
804 2698 874 2743 meit.

208 2766 212 2775 ’
273 2771 394 2839 Quodque
402 2773 467 2823 nefas
478 2765 558 2834 diuu',
569 2773 620 2822 fieri
632 2790 675 2822 nec
684 2770 749 2838 polle
760 2776 858 2837 putavi,

305 2853 388 2902 Invitis
405 2852 482 2902 oculis
498 2853 566 2902 litera
582 2853 640 2914 lecla
656 2866 695 2900 tua
712 2851 752 2899 eil.

244 2935 255 2982 l
274 2931 326 2982 Nec
343 2929 476 2997 quidquam
493 2929 523 2980 ad
541 2931 629 2979 nostras
650 2928 756 2994 pervinit
774 2929 880 2976 acerbius
901 2943 993 2992 aures,

306 3009 343 3057 Ut
360 3011 440 3057 sumus
457 3013 481 3057 in
496 3009 592 3066 Pont03
603 2998 789 3073 perveniatque,
804 3019 897 3068 pretor.

276 3089 337 3138 Ante
354 3103 420 3136 meos
435 3087 519 3137 oculor
536 3095 650 3153 tanquam
664 3085 784 3150 praesentis
800 3086 883 3147 imago
915 3133 917 3140 ,
