2334 3917
457 433 629 500 Isis.
830 447 891 517 395

206 555 252 627 ⁸Ut
261 556 322 605 satus
333 554 480 619 Hipponoo,
492 553 668 618 Dosithoisque
678 561 745 616 patet
760 563 767 598 s
865 579 868 583 -
898 562 949 608 47⁰

94 683 100 692 ,
184 634 220 683 Ut
232 636 299 683 soror
314 634 452 691 Autono'e's,
467 646 494 680 ut
510 634 549 680 cui
565 645 691 679 matertera
705 630 771 694 Maja
786 626 819 676 est
834 646 840 675 r

218 711 253 760 Ut
267 708 355 760 temeri
373 722 468 775 optatos
484 712 525 775 qui
541 705 605 756 mali
619 710 678 756 rexit
695 722 778 772 equos.
834 748 840 757 .

184 788 220 837 Ut
230 788 292 837 ferus
306 785 428 841 AEolides‚
443 802 469 835 ut
480 788 593 851 sanguine
605 798 681 834 cretus
699 783 801 840 eodem,

218 864 273 925 Quo
286 867 366 929 genita
377 864 425 922 est,
437 861 534 929 liquidis
545 879 598 928 quae
608 876 672 911 caret
684 863 767 910 Ατᾶοε
775 866 851 926 aquis.

185 942 221 993 Ut
231 941 335 993 Macedo
344 940 433 1008 rapidis
442 944 487 991 icta
497 941 529 991 est
539 957 595 989 cum
606 944 708 1006 conjuge
720 940 839 1000 flammis,
902 961 947 1006 475

179 1061 181 1067 .
217 1024 272 1080 Sic,
289 1038 389 1086 precor,
403 1021 498 1069 aetherei
515 1018 617 1069 vindicis
631 1022 685 1084 igne
698 1017 778 1069 cadas.

186 1098 297 1149 Praedave
308 1102 338 1148 sis
349 1100 397 1148 illis
407 1134 415 1157 ,
426 1098 511 1163 quibus
525 1097 557 1146 est
573 1097 674 1146 Latonia
688 1089 780 1157 Delos,

218 1180 279 1227 Ante
294 1176 359 1228 diem
373 1193 458 1242 rapto,
471 1192 520 1225 non
531 1173 656 1233 adeunda,
668 1176 760 1224 Thaso.

188 1254 283 1320 Quique
294 1252 431 1304 verecunde
447 1252 608 1319 speculantem
621 1253 687 1302 labra
698 1252 781 1302 Diana
791 1286 803 1310 ,

221 1332 315 1397 Quique
329 1330 495 1397 Crotopiaden
511 1329 629 1397 diripuire
643 1332 731 1379 iinon.
903 1326 951 1388 480

188 1408 255 1459 Neve
265 1424 381 1458 venenato
398 1408 472 1458 levitis
486 1409 575 1457 feriaris
591 1409 622 1458 ab
636 1424 729 1473 angue,

220 1486 300 1546 Qndm
311 1488 371 1536 senis
382 1487 461 1551 OEagri
472 1484 643 1551 Calliopesque
653 1501 725 1534 nurus
735 1502 743 1541 ι

188 1564 269 1625 Quint
283 1581 340 1629 puer
352 1558 494 1629 Hypsipyles
506 1582 511 1611 ι
524 1564 600 1629 quim
611 1566 653 1629 qul
663 1580 721 1614 cava
730 1565 822 1628 primus
832 1565 902 1613 acuti

221 1642 326 1708 Cuspide
337 1644 435 1707 suspeeii
447 1643 534 1690 robora
543 1640 596 1695 fixit
608 1644 672 1707 equi.

187 1718 254 1769 Neve
269 1718 355 1785 gradus
372 1718 440 1768 adeas
451 1719 570 1784 Elpenore
581 1718 671 1768 cautitls
680 1718 742 1768 altos
754 1737 761 1769 a
903 1735 949 1796 435

222 1798 326 1863 Vinaque
338 1797 397 1845 feras
408 1798 473 1849 vini,
486 1812 534 1861 quo
547 1795 603 1845 tulit
612 1795 654 1844 ille
665 1794 750 1846 modo.

189 1874 298 1939 Tamque
306 1872 377 1921 cadas
384 1870 489 1923 domitus
499 1912 506 1933 ,
516 1871 590 1938 quim
598 1875 705 1939 quisquis
715 1871 746 1923 ad
753 1890 818 1923 arma
825 1891 952 1927 vocantem

136 2010 140 2019 1
221 1951 232 1998 J
235 1954 286 1999 uvit
296 1952 455 1999 inhumanum
465 1949 644 2001 Thiodamanta
655 1952 762 2017 Dryops.

190 2026 271 2089 Qudm
282 2026 345 2077 ferus
356 2030 405 2093 ipse
418 2030 460 2077 suo
477 2031 547 2093 periit
566 2032 679 2078 maritatus
695 2033 721 2081 in
734 2045 802 2080 antro
834 2035 835 2038 ’

161 2150 168 2161 ,
223 2104 333 2155 Proditus
344 2105 440 2155 inclusae
457 2105 535 2157 Cacus
553 2108 582 2156 ab
595 2124 636 2156 ore
648 2108 726 2159 bovis.
906 2121 954 2164 490
1052 2167 1054 2170 ,

191 2182 271 2245 Quim
287 2188 328 2251 qui
347 2183 412 2235 dona
425 2185 481 2234 tulit
497 2181 597 2235 Lernaeo
608 2189 681 2236 tiocia
696 2202 805 2249 veneno,

221 2260 385 2327 Euboicasque
399 2265 441 2312 suo
457 2266 569 2327 sanguine
584 2267 655 2313 tinxit
668 2281 752 2331 aquae.

189 2336 235 2386 Vel
246 2335 276 2386 de
287 2342 402 2402 praecipiti
413 2344 492 2388 venias
504 2345 530 2387 in
541 2342 641 2390 Tartara
650 2343 724 2402 saxo,

222 2414 257 2463 Ut
267 2418 309 2481 qui
317 2418 463 2465 Socraticum
476 2415 506 2465 de
517 2432 574 2465 nece
584 2417 643 2482 legit
651 2434 722 2483 opus.

189 2492 226 2542 Ut
241 2498 282 2561 qui
296 2493 392 2543 Theseia
404 2494 499 2543 fallacia
510 2495 563 2545 vela
575 2498 661 2545 carina
905 2518 951 2564 495

222 2570 291 2620 Vidit
304 2590 311 2620 a
327 2586 354 2621 ur
371 2572 444 2621 iliaci
455 2570 537 2622 milsus
549 2574 579 2622 ab
593 2589 646 2623 aree
656 2590 723 2639 puer.

190 2648 224 2697 Ut
240 2652 314 2699 teneri
325 2653 420 2703 nutrix,
433 2649 515 2699 eadem
527 2665 672 2713 matertera,
685 2653 771 2703 Bacchi
784 2672 791 2702 t

222 2726 257 2777 Ut
265 2730 303 2776 cui
311 2728 379 2779 causa
390 2730 453 2777 necis
464 2730 525 2777 serra
532 2742 625 2793 reperta
636 2730 691 2779 fuit.

190 2803 267 2869 Lydia
279 2807 302 2854 se
314 2805 417 2871 scopulis
429 2820 455 2855 ut
465 2809 533 2873 virgo
544 2810 610 2855 misit
622 2807 733 2869 abcisis,

221 2884 321 2933 Dixerat
334 2886 411 2933 invito
421 2898 475 2949 quae
484 2882 548 2933 mala
559 2885 631 2934 verba
640 2883 696 2935 deo.
715 2930 717 2934 .
908 2906 953 2948 eoo

86 3010 91 3015 ,
190 2962 247 3011 Feta
257 2964 301 3012 tibi
308 2976 418 3012 occurrat
429 2964 507 3026 patrio
520 2963 760 3029 populantium,

223 3042 305 3107 Sitque
315 3039 444 3106 Paphagiae
454 3041 523 3090 causa
533 3039 608 3091 leena
616 3044 692 3098 oecis.

191 3114 286 3183 Quique
296 3116 449 3186 Lycurgiden
460 3117 560 3181 letavit,
572 3122 597 3171 δι
608 3120 692 3171 arbore
703 3135 805 3181 natum,

731 3202 754 3255 R
774 3203 799 3274 vj
