2334 3917
313 363 580 432 Turonium
608 353 701 422 Lrn.
740 357 782 425 V.
840 366 907 444 269

206 493 886 567 «φῦ

366 637 622 704 ELEGIA
661 637 737 698 XI.

187 729 341 930 ·Quoo
352 818 375 853 te
384 805 465 852 nescio
480 804 533 868 quis
547 816 588 866 per
601 801 678 864 jurgia
688 796 774 848 dixerit
787 792 834 846 elle
898 819 901 823 ·
942 777 948 802 ¹

261 882 316 930 sulis
326 897 424 930 uxorem
436 913 445 941 ,
457 880 525 930 litera
536 877 615 943 quelle
626 892 667 926 tua
679 876 721 924 est.

191 956 305 1018 Indolui3
322 975 372 1008 non
384 973 434 1016 tam
444 973 498 1006 mea
507 953 575 1021 quod
587 954 683 1005 fortuna
696 951 759 1004 mali
769 953 853 1014 audit,

224 1037 276 1096 Qui·
281 1041 331 1102 iam
347 1037 461 1086 consuevi
469 1034 564 1083 fortiter
573 1029 620 1082 elie
631 1033 717 1091 miser3

188 1112 271 1174 Quim
289 1117 362 1178 quia,
373 1116 412 1162 cui
427 1110 526 1161 minime
537 1111 643 1170 vellem,
654 1113 699 1160 sim
711 1112 780 1160 causa
788 1109 900 1176 pudoris,
920 1115 931 1162 5
1012 1109 1016 1116 ”

222 1191 306 1257 Teque
313 1207 365 1238 rear
375 1190 459 1240 nostris
469 1185 584 1239 erubuisse
595 1187 673 1238 malis.

189 1265 289 1326 Perfer,
308 1271 334 1316 &
351 1265 458 1316 obdura:
471 1265 550 1315 multo
563 1269 671 1330 graviora
680 1264 768 1325 tulisti,

219 1343 287 1394 Crlm
302 1362 341 1394 rne
354 1346 466 1410 surripuit
480 1345 595 1408 Principis
606 1346 640 1392 ira
652 1343 704 1393 tibi.

185 1421 289 1474 fallitur
305 1423 346 1472 iste
363 1438 456 1476 tamen,
477 1438 526 1488 quo
536 1419 629 1487 judice,
640 1423 753 1470 nominor
767 1421 840 1470 exsul.

219 1500 322 1550 Mollior
338 1501 371 1549 est
381 1501 478 1565 culpam
487 1515 559 1564 poena
573 1501 653 1548 secuta
668 1515 756 1548 meam.
919 1513 946 1544 ro

185 1576 294 1627 Maxima
311 1591 382 1643 perna
398 1580 458 1626 mihi
473 1577 520 1636 est,
532 1577 611 1640 ipsum
630 1572 755 1626 offendiss'e
767 1593 774 1624 r
786 1577 895 1646 priusque

217 1654 324 1704 Veniffet
333 1655 432 1704 mallem
443 1655 530 1704 funeris
539 1657 599 1703 hora
609 1655 678 1702 mihi.

185 1729 363 1792 Quaffaramen
372 1733 499 1791 nostraest‚
508 1731 894 1799 nonfra&2,necobrurapuppis;

217 1809 299 1876 thue
310 1827 374 1861 caret
383 1826 470 1876 portu,
485 1811 611 1861 siccamen
623 1811 694 1860 exstat
705 1815 780 1877 aquis.

184 1888 237 1938 Nec
254 1892 348 1948 vitam,
363 1906 408 1938 nec
422 1905 492 1953 opes,
505 1905 547 1936 nec
558 1893 595 1952 jus
606 1891 666 1938 mihi
678 1892 735 1938 civis
747 1887 852 1950 ademit5
917 1905 941 1952 ¹5

216 1967 276 2026 Quae
291 1971 366 2015 merui
375 1969 436 2016 virio
446 1964 543 2031 perdere
555 1969 640 2015 cunei:
651 1983 716 2017 meo.

181 2041 229 2093 Sed
239 2046 296 2108 quia
309 2058 407 2108 peccato
417 2044 510 2094 facinus
524 2060 573 2092 non
587 2041 665 2093 adfuit
674 2045 726 2107 illi,

215 2119 259 2169 Nil
269 2124 315 2170 nisi
325 2137 364 2169 me
373 2124 455 2185 patriis
464 2123 532 2186 jussit
541 2118 618 2170 abeffe
629 2121 698 2178 focis.

180 2196 263 2264 thue
273 2198 338 2253 aliis,
350 2215 476 2248 numerum
487 2215 591 2268 quorum
598 2198 767 2266 comprendere
775 2217 824 2252 non
835 2199 877 2261 est,

211 2275 346 2327 Cesareum
354 2292 460 2336 numen,
473 2279 506 2326 sie
517 2279 575 2328 mihi
584 2312 593 2338 ,
602 2281 661 2326 mire
672 2277 727 2328 fuir.
912 2288 942 2322 zo

179 2351 232 2418 lpse
248 2353 346 2418 relegati
355 2389 363 2414 ,
373 2371 423 2403 non
433 2355 517 2404 exsulis
529 2390 538 2415 ,
551 2358 626 2405 utitur
637 2359 663 2404 in
677 2373 716 2404 me

212 2429 319 2481 Nomine
329 2449 337 2479 ε
350 2446 400 2481 tura
409 2433 452 2480 suo
462 2431 542 2496 judice
552 2434 623 2482 causa
632 2448 685 2480 mea
698 2433 738 2480 est.

176 2507 233 2557 Jure
243 2510 316 2572 igitur
326 2507 428 2568 laudes,
445 2508 542 2568 Cesar,
557 2524 601 2572 pro
613 2523 678 2573 parte
689 2507 752 2558 virili

209 2583 326 2635 Carmina
333 2585 413 2636 nostra
429 2601 479 2636 tuas
490 2621 499 2645 ,
511 2586 711 2651 qualiacumque,
731 2601 828 2636 canunt.

174 2662 230 2712 Jure
246 2663 327 2723 Deos,
345 2680 372 2712 ut
386 2662 464 2713 adhuc
475 2663 532 2713 coeli
543 2664 587 2713 tibi
599 2663 682 2712 limina
697 2661 823 2723 claudant,
908 2667 935 2712 25

207 2739 291 2804 Teque
305 2740 488 2800 reimponere,
501 2751 656 2806 comprecor,
672 2731 718 2788 elle
729 2739 818 2788 Deum.

172 2817 249 2883 Optat
256 2815 322 2866 idem
332 2819 451 2882 Populum
463 2816 503 2867 sed
516 2834 543 2867 ut
555 2822 582 2868 in
593 2835 656 2868 mare
667 2817 768 2869 flumina
777 2819 866 2871 vastum
878 2855 885 2877 ,

204 2899 243 2946 Sic
258 2897 321 2948 solet
336 2900 425 2964 exigue,
434 2899 534 2964 {currere
550 2902 614 2950 rivus
628 2915 703 2964 aquae.

170 2975 203 3026 Ac
215 2989 239 3024 tu
253 2975 391 3032 fortunam,
408 2981 475 3044 cuius
484 2993 559 3026 vocor
570 2976 635 3025 exsul
646 2977 675 3026 ab
686 2993 742 3035 ore,

203 3053 310 3106 Nomine
324 3053 435 3109 mendaci
445 3072 515 3124 parce
526 3071 621 3122 gravare
631 3071 718 3104 meam.
902 3061 932 3108 3o

696 3134 800 3204 rrrrj¹
