2334 3917
255 407 320 490 198
395 399 438 467 P.
467 399 622 465 ovinis
641 401 835 467 NAsours

251 525 317 590 Fecit
326 537 394 572 arnor
403 521 492 569 subitas
502 519 612 570 volucres
620 535 675 568 cum
684 520 769 584 pellice
777 537 857 586 tegern
867 556 875 581 ,

205 613 251 658 390
284 600 390 664 Quaque
400 601 469 647 suum
480 598 547 664 luget
559 615 623 646 nunc
633 615 729 664 quoque
740 614 815 649 mater
827 600 893 664 ltyn.

252 680 275 727 Si
290 695 341 726 non
355 677 462 742 AErnpen
472 676 545 726 frater
554 677 681 726 sceleratus
692 673 807 738 antaslet,

284 757 385 806 Aversos
396 754 458 805 Solis
465 771 516 805 non
528 754 659 820 legeremus
670 771 753 820 equos.

251 832 329 898 Impia
339 851 384 883 nec
395 836 496 899 tragicos
505 832 619 897 tetigisset
628 833 708 896 Scylla
720 835 866 893 cothurnos,

284 913 318 962 Ni
325 915 429 977 patrium
441 915 530 960 crinem
541 909 679 961 desecuisset
689 929 766 962 arnor.

207 989 302 1063 395Qui
316 990 374 1056 legis
384 990 506 1044 Elesiran,
524 993 548 1039 bt
561 1005 671 1054 egentem
682 993 768 1039 mentis
779 987 892 1047 Oresten,

287 1069 395 1133 lfgyslhi
409 1070 499 1118 crimen
511 1066 712 1140 Tyndaridosque
724 1067 791 1138 legis.

254 1145 320 1196 Nam
330 1143 389 1211 quid
399 1143 430 1196 de
442 1148 527 1196 tetrico
536 1147 638 1195 reseram
650 1144 771 1196 domitore
782 1144 925 1202 Clrimaerae,

238 1219 241 1225 ’
288 1224 367 1284 Quem
378 1224 428 1273 leto
440 1223 513 1273 fallax
522 1227 617 1288 hospita
628 1241 693 1288 paene
701 1222 785 1274 dedit?

255 1301 322 1364 Quid
333 1301 418 1368 loquar
429 1302 593 1352 Hermionen?
605 1299 664 1368 quid
676 1317 699 1352 te
709 1337 717 1362 ,
729 1303 855 1351 Schoeneia
865 1305 954 1374 virgo?
986 1315 989 1323 “

206 1395 256 1439 4oo
288 1381 388 1447 Teque,
400 1379 527 1443 Mycenaeo
540 1381 642 1430 Phoebas
653 1395 733 1430 ansata
747 1378 821 1430 ducii

256 1456 323 1518 Quid
332 1456 431 1506 Dana'e‘n
443 1457 583 1522 Danadsque
593 1473 680 1506 nurum
690 1492 698 1516 ,
709 1470 858 1529 matremque
870 1457 935 1520 Lyaei
945 1461 954 1508 Ξ

287 1535 452 1600 Haernonaque
464 1569 471 1595 ,
485 1539 509 1584 δι
520 1538 599 1584 nostes
610 1537 648 1584 cni
658 1541 737 1584 colere
749 1533 820 1587 duas?
857 1543 860 1551 '

256 1611 322 1673 Quid
329 1629 442 1678 generum
451 1613 537 1662 Peliae?
548 1611 608 1678 quid
614 1613 720 1662 Thesea?
733 1611 820 1679 quidve
828 1612 972 1678 Pelasgum,

290 1689 388 1742 Iliacam
396 1694 475 1758 tetigit
484 1695 526 1758 qui
534 1706 583 1742 rate
594 1694 683 1758 primus
691 1695 811 1742 humum?

206 1768 311 1832 405an
322 1769 374 1819 lole
384 1805 392 1830 ,
403 1770 534 1837 Pyrrhique
544 1787 645 1837 parens,
656 1771 702 1819 huc
715 1770 823 1820 Herculis
834 1787 911 1831 uxor,

288 1847 343 1897 Huc
354 1846 451 1897 accedat
461 1848 536 1906 Hylas
546 1883 554 1909 ,
563 1846 695 1916 Iliadesque
706 1865 773 1914 puer.

256 1926 377 1992 Tempore
393 1925 506 1989 deficiat,
519 1931 621 1992 tragicos
631 1929 649 1976 sl
661 1929 785 1994 persequar
796 1929 860 1991 ignes
870 1943 878 1985 3

288 2005 383 2069 Vixque
395 2023 461 2054 meus
472 2008 550 2072 capiat
559 2009 661 2056 nomina
671 2003 735 2055 nuda
745 2006 815 2054 libet.

257 2081 296 2130 Est
304 2085 328 2130 δι
338 2083 364 2130 in
373 2083 488 2132 obscenos
496 2082 589 2134 deflexa
598 2075 726 2150 Tragoedia
738 2086 795 2133 risus
804 2117 813 2142 ,

209 2173 259 2218 410
290 2159 416 2226 Multaque
427 2164 540 2226 praettriti
547 2165 619 2212 verba
629 2161 726 2228 pudoris
738 2163 818 2211 habet.

259 2236 313 2286 Nec
322 2242 506 2300 nocetaudlori,
518 2241 620 2289 mollem
632 2245 674 2306 qui
683 2241 741 2290 fecit
753 2238 889 2301 Achillem,

292 2316 414 2382 infregisse
426 2320 471 2367 suis
482 2317 556 2368 fortia
567 2319 627 2368 fasta
639 2317 727 2368 modis.

258 2395 341 2445 lunxit
350 2393 461 2445 Aristides
468 2396 566 2445 Milesia
578 2400 678 2446 crimina
689 2399 785 2445 secum:

292 2473 375 2523 Pulsus
386 2473 496 2524 iltislides
504 2492 547 2524 nec
559 2490 639 2525 tamen
650 2476 706 2524 urbe
714 2475 764 2525 sul.

211 2552 312 2608 41rNec
323 2588 330 2614 ,
341 2555 383 2618 qui
394 2551 517 2618 descripsit
527 2556 649 2618 corrumpi
657 2555 746 2602 semina
757 2567 881 2614 matrum,

292 2630 398 2692 Eubius,
410 2634 508 2696 impurae
519 2629 631 2680 conditor
643 2631 752 2680 historiae.

260 2709 312 2758 Nec
326 2713 369 2776 qui
380 2712 516 2776 composuit
526 2725 601 2774 nuper
613 2707 764 2772 Sybaritida,
780 2709 858 2774 fugit:

292 2788 345 2837 Nec
354 2792 396 2854 qni
406 2789 547 2838 concubitus
554 2804 604 2836 non
616 2802 708 2837 tacuere
719 2789 782 2836 snos.

261 2868 367 2932 Suntque
379 2885 406 2916 en
417 2865 543 2917 doctorum
554 2869 718 2915 monumentis
728 2870 802 2916 mixta
814 2870 940 2930 virorum,

212 2948 263 2992 4²0
294 2947 481 3012 Muneribusque
492 2944 581 2994 ducum
592 2944 688 3011 publica
699 2943 759 2993 fabia
770 2961 862 3010 patent.

263 3021 330 3072 Neve
345 3025 472 3086 peregrinis
483 3019 577 3070 tannim
588 3017 701 3069 defendar
711 3021 740 3068 ab
751 3023 839 3082 armis,
931 3071 933 3076 ,

208 3095 214 3100 ’
295 3098 327 3149 Er
339 3099 459 3148 Romanus
473 3101 545 3150 habet
555 3097 633 3150 multa
641 3099 723 3165 jocosa
733 3097 801 3148 liber.
