2334 3917
312 382 381 467 384
455 376 499 446 P.
528 378 685 448 Orrnrr
706 380 903 452 Nisortrs

340 499 452 566 Quisquis
462 496 517 549 ¹ades
528 502 615 561 sacris,
624 519 666 551 ore
678 502 773 565 favete,
785 506 854 555 meis.
872 501 876 507 ⁵

306 577 420 644 Quisquis
432 576 487 627 ades
498 578 569 628 sacris
579 614 588 640 ,
599 580 709 645 lugubria
719 580 792 631 dieite
801 584 890 643 verbas

335 656 366 705 Et
378 655 436 707 lietu
447 654 550 707 madidis
561 657 616 707 Ibin
626 656 691 709 adite
700 663 766 724 penit
776 678 785 708 z

303 732 480 801 Ominibusque
489 734 559 784 malis
568 770 577 798 ,
587 734 735 803 pedibusque
745 739 864 787 occurrite
874 737 941 788 levis
952 756 962 788 e

251 830 297 865 ιοο
330 812 362 862 Et
373 817 446 879 nigre
456 814 529 865 vestes
540 831 641 880 corpora
650 816 726 866 vestra
736 830 827 880 tegant.

298 892 337 943 Tu
349 908 463 959 quoque,
474 890 533 959 quid
544 890 639 942 dubitas
648 892 733 941 ferales
743 894 836 942 sumere
845 897 938 945 vittati

329 971 382 1021 lam
394 972 454 1031 stat,
467 985 493 1020 ut
504 972 552 1036 ipse
562 968 646 1031 vides,
658 970 747 1020 funeris
756 988 797 1022 ara
807 975 853 1021 tui.

296 1048 388 1116 Pompa
398 1064 478 1115 parata
488 1052 532 1099 tibi
544 1049 576 1098 est
588 1068 595 1098 t
606 1052 670 1099 votis
681 1066 749 1099 mora
759 1050 863 1099 tristibus
872 1050 945 1100 absit.

329 1128 368 1179 Da
377 1128 487 1195 jugulum
497 1128 594 1187 cultris,
606 1128 682 1177 hostia
694 1127 760 1188 dira,
775 1131 842 1176 meis.

247 1206 369 1279 105Terra
380 1209 424 1257 tibi
435 1206 526 1272 fruges,
537 1208 614 1258 amuis
625 1207 669 1256 tibi
678 1205 779 1271 deneget
790 1203 881 1254 undase

326 1286 435 1350 Deneget
444 1285 536 1335 afflatus
546 1300 631 1337 ventus
640 1288 665 1334 δι
677 1300 732 1335 aura
741 1286 805 1333 suos.

292 1363 345 1414 Nec
357 1364 401 1413 tibi
412 1363 453 1412 S'ol
464 1362 559 1423 clarus,
570 1379 614 1412 nec
626 1366 657 1413 sit
669 1364 713 1413 uisi
724 1360 803 1411 lucide
813 1360 904 1410 Phoebe
915 1377 923 1409 e

323 1441 461 1492 Destituant
472 1440 558 1491 oculos
569 1440 651 1491 Sidera
662 1442 748 1490 cunda
758 1455 821 1488 tues.

290 1520 343 1571 Nec
353 1523 376 1569 se
388 1520 527 1580 Vulcanus,
540 1536 583 1569 nee
596 1521 619 1569 se
631 1520 675 1568 tibi
687 1519 791 1583 prebeat
801 1516 866 1566 A'eir

246 1619 293 1653 rro
325 1600 377 1650 Nec
388 1600 433 1649 tibi
443 1595 485 1649 det
495 1597 595 1658 Tellus,
607 1614 650 1646 nec
662 1596 705 1646 tibi
716 1596 806 1645 Pontus
818 1596 872 1642 iter.

290 1676 377 1738 ursui,
387 1681 456 1743 inops
466 1693 541 1737 erres,
553 1676 676 1741 alienaque
686 1674 771 1723 limina
781 1672 861 1721 lustres
871 1690 878 1721 e

321 1757 490 1823 Exiguumque
498 1770 563 1821 petas
573 1771 615 1804 ore
625 1768 741 1803 tremente
753 1752 843 1801 cibum.

288 1832 340 1885 Nec
351 1850 436 1899 corpus
447 1833 548 1901 querulo
558 1869 565 1894 ,
576 1849 620 1882 nec
632 1848 699 1881 meus
709 1846 778 1882 vacet
788 1845 866 1895 egra,
877 1826 981 1878 dolore:

319 1910 422 1978 Noxque
434 1911 472 1961 die
484 1914 579 1977 gravior
590 1912 619 1960 sit
631 1912 689 1971 tibi,
703 1912 772 1959 node
784 1903 841 1958 dies.

237 2008 266 2049 ῃ
274 1988 369 2061 ,Sisque
380 1990 451 2038 rriiser
462 1990 569 2054 semper,
581 2005 625 2038 nee
636 1992 666 2037 sis
677 1987 818 2038 miserabilis
825 1985 869 2034 ulli
881 2003 888 2034 t

318 2063 427 2115 Gaudeat
438 2064 542 2116 adversis
553 2066 643 2115 femina
653 2068 736 2132 vitque
746 2068 800 2114 tuis.

284 2136 388 2189 Accedat
398 2139 510 2202 lacrymis
521 2139 623 2195 odium,
635 2139 769 2206 dignusque
779 2154 877 2204 putere,

316 2217 363 2278 Qui
374 2218 438 2267 mala
448 2232 504 2266 cum
516 2216 597 2265 tuleris
607 2216 728 2281 plurima,
741 2216 809 2283 plura
819 2216 889 2265 seras.

283 2296 378 2362 Sitque,
389 2294 457 2361 quod
467 2296 498 2344 ell
509 2311 604 2353 rarum,
618 2295 691 2344 solito
702 2292 794 2345 defessa
804 2292 886 2345 favore
893 2327 904 2349 ‚

234 2395 282 2429 120
315 2374 436 2424 AErumrue
447 2374 518 2424 facies
529 2372 646 2425 invidiosa
658 2388 713 2423 tue.

282 2449 407 2518 Causaque
417 2468 467 2501 nou
477 2450 538 2503 desit
548 2486 556 2512 ,
566 2451 628 2502 desit
636 2453 680 2501 tibi
690 2454 761 2517 eopia
772 2451 867 2501 mortis·

307 2531 421 2595 Optatam
433 2530 509 2597 fugiat
518 2534 568 2582 visa
579 2534 659 2581 corda
670 2548 762 2581 necem.

280 2610 437 2675 Lusiatusque
450 2607 491 2659 diu
503 2612 620 2659 cruciatos
631 2610 725 2674 spiritus
735 2624 799 2660 artus

311 2686 425 2746 Deserat5
440 2690 464 2737 δι
475 2686 548 2753 longi
559 2703 669 2755 torqueat
682 2704 736 2738 ante
746 2686 825 2738 mori.

230 2764 395 2835 125Evenieur
408 2784 414 2813 ι
426 2762 493 2814 dedit
504 2768 552 2830 ipse
563 2770 624 2816 mihi
637 2766 715 2817 modd
725 2770 791 2833 signa
802 2766 877 2820 futuri

207 2905 208 2908 Ἴ
310 2844 412 2893 Phoebus
425 2860 431 2892 t
445 2846 469 2892 ὃ(
481 2860 495 2892 a
505 2844 564 2895 laeva
575 2846 655 2895 mesta
664 2846 756 2896 volavit
766 2847 825 2896 avis.

245 2962 248 2969 Δ
277 2912 349 2965 Certe
360 2932 419 2980 ego,
432 2932 484 2982 qum
492 2933 571 2968 voveo
578 2953 587 2979 ,
601 2921 702 2985 Superos
712 2934 806 2969 motura
817 2921 925 2985 putabor

309 2994 401 3059 Speque
411 3008 458 3043 tuae
468 2998 569 3055 mortis,
580 2995 685 3061 perfide,
696 3000 787 3062 semper
797 2998 868 3046 alar.'

276 3069 354 3120 finiet
365 3071 408 3122 ilia
418 3070 482 3136 dies,
493 3088 545 3140 que
555 3088 578 3124 te
588 3077 649 3125 mihi
658 3078 779 3127 subtrahet
788 3075 849 3125 elim
860 3092 869 3125 t

914 3155 991 3207 finiet
