2334 3917
291 336 337 415 76
409 326 453 401 P..
490 325 646 397 Ονιυιι
673 320 868 394 NAsoms

240 465 268 510 45
276 450 387 514 5Jamque
396 445 531 512 indignanti
541 462 605 495 nova
615 446 682 496 frena
692 462 812 512 receperat
821 464 882 503 ote,

322 524 386 575 Cum
403 525 461 575 levis
474 526 560 575 Aonias
571 525 662 589 ungula
672 522 735 578 fodit
744 542 826 593 aquae.

287 602 359 655 Nune
371 602 458 652 fruitur
468 602 532 651 eoeio
545 636 553 661 ,
564 600 633 668 quod
639 605 722 668 pennis
733 618 787 655 aute
797 604 893 672 petebat
900 619 909 663 ς

319 680 350 728 Et
362 676 452 729 nitidus
462 678 534 731 stellis
544 682 650 749 quinque
660 677 792 747 decemque
805 685 889 733 micat.

287 756 453 807 PROTINUS
464 757 561 822 aspicies
571 761 677 810 venienti
688 761 756 807 nodie
764 757 890 812 Coronam

237 846 287 897 460
322 833 444 886 Gnosida:
456 834 549 883 Theseo
559 837 659 889 erimine
671 834 732 891 falia
742 834 794 885 Dee
803 836 846 893 eli.

286 914 339 963 Jam
352 915 411 963 bene
420 916 515 978 perjmo
525 912 632 962 mutiret
643 917 745 979 conjuge
755 913 895 976 Bacchum,

320 992 379 1053 Quae
396 988 464 1039 dedit
481 993 575 1054 ingrato
590 988 632 1038 fila
648 987 749 1054 legende
764 993 827 1041 viro.

285 1071 354 1119 Sorte
371 1071 419 1118 toti
428 1065 533 1133 gaudens
545 1101 553 1126 ‚
573 1066 639 1126 Quid
651 1066 738 1115 flebam
748 1068 853 1123 rustica.
871 1066 948 1129 dixit,

319 1146 416 1196 Utiliter
425 1148 494 1201 nobis
507 1142 610 1209 perfidus
626 1144 668 1193 ille
680 1144 736 1194 fuit.

237 1225 380 1293 4⁶5interea
388 1225 480 1283 Liber,
497 1220 600 1291 depexos
614 1224 718 1271 crinibus
730 1222 803 1273 indos

317 1304 416 1361 Vincit,
429 1305 451 1350 ὃ(
466 1300 518 1355 Εοο
532 1299 599 1349 dives
610 1302 639 1353 ab
654 1301 712 1349 orbe
723 1304 798 1354 venit.

283 1381 348 1432 Inter
358 1382 462 1446 captivas
473 1377 532 1435 facie
542 1376 665 1441 prestante
672 1376 763 1448 puellas

318 1460 392 1509 Grata
406 1458 477 1506 nimis
493 1456 589 1503 Baccho
601 1452 652 1511 filia
662 1457 723 1518 tegis
735 1468 793 1509 eret.

284 1537 368 1586 Flebat
383 1548 464 1583 amens
474 1536 562 1597 conjux
572 1566 581 1585 ,
594 1533 739 1597 spatiataque
748 1532 818 1591 litore
828 1550 920 1597 curvo,

234 1632 284 1675 47⁹
319 1610 401 1664 Edidit
421 1610 517 1659 incultis
534 1610 592 1671 talia
607 1611 678 1659 verba
688 1613 773 1659 comis.

284 1692 321 1742 En
338 1695 425 1740 iterum
440 1687 528 1737 similes
540 1722 548 1747 ,
560 1686 663 1747 fluetus,
681 1686 763 1737 audite
773 1688 899 1755 querelas;

318 1769 354 1818 En
368 1771 454 1827 iterum
471 1765 588 1832 lacrymas
601 1768 701 1836 accipe,
713 1782 796 1825 arena,
809 1784 881 1816 meas.

284 1847 402 1897 Dicebam
415 1879 423 1905 ,
442 1846 540 1895 memini
553 1878 561 1903 ,
575 1844 705 1909 Perjure&
719 1843 807 1909 perfide
818 1846 910 1896 Theseu
921 1847 930 1903 i

317 1924 361 1973 lile
376 1924 449 1981 abiit:
459 1920 542 1979 eadem
553 1924 655 1970 crimina
661 1922 766 1975 Bacchus
776 1924 855 1971 habet.

235 2002 356 2084 475N⁰¹¹⁶
371 2016 467 2067 quoque
477 1998 622 2059 nullatum,
634 1999 762 2060 clamabo,
778 2000 867 2056 lemine
878 1999 969 2060 credet.

317 2079 423 2130 Nomine
433 2092 527 2127 mutato
543 2078 614 2128 causa
623 2077 697 2127 relata
709 2095 763 2130 mea
775 2078 815 2134 est.

284 2158 323 2213 oi
342 2160 434 2210 utinam
445 2172 498 2207 mee
510 2156 576 2215 sors,
589 2155 638 2224 qui
650 2156 755 2221 primum
763 2174 887 2225 coeperat,
904 2155 978 2210 iffet!

315 2237 415 2302 Jamque
426 2252 471 2300 ego
484 2236 593 2299 praesenti
604 2248 711 2300 tempore
723 2236 790 2285 nulla
801 2236 889 2286 forem.

285 2313 350 2377 Quid
368 2331 408 2363 me
425 2312 521 2362 desertis
533 2315 662 2378 perituram
675 2347 684 2372 ‚
699 2313 769 2361 Liber
780 2316 855 2362 atenie

234 2395 282 2455 480
318 2393 448 2442 Servabas?
463 2394 530 2456 potui
541 2386 674 2439 dedoluiffe
686 2391 767 2440 semel.

282 2472 373 2525 Bacche
384 2468 459 2529 levis,
475 2469 598 2533 leviorque
614 2471 677 2529 tuis,
693 2486 744 2534 quae
756 2484 864 2535 tempora
876 2472 999 2537 cingunt,

315 2544 464 2606 frondibus5
477 2549 503 2598 in
514 2546 632 2609 lacrymas
645 2550 741 2610 cognite
752 2547 843 2597 Bacche
852 2566 931 2609 meuse

282 2628 357 2677 Ausus
375 2642 399 2675 es
411 2660 419 2685 ,
434 2640 487 2673 aute
507 2624 591 2678 oeulos
603 2621 704 2676 addueii
714 2624 800 2689 pellice
811 2627 918 2688 nostros,

317 2705 379 2753 Tam
392 2704 451 2751 bene
462 2704 625 2765 compositum
633 2701 751 2751 solicitare
762 2709 861 2754 torum?
953 2733 956 2737 ι

235 2780 352 2841 485Heui
370 2782 411 2829 ubi
428 2782 493 2847 palia
505 2777 563 2831 fides
574 2783 582 2828 Ξ
594 2780 635 2827 ubi
648 2814 656 2839 ,
674 2795 727 2844 quae
737 2783 814 2844 jurare
828 2783 935 2836 solebat!

316 2858 358 2906 Me
369 2857 495 2905 miseram!
509 2860 603 2923 quoties
614 2858 665 2907 hec
676 2873 721 2921 ego
732 2858 804 2907 verba
817 2860 904 2926 loquor
914 2864 921 2912 Ξ

282 2937 374 2985 Thesea
384 2934 495 3005 culpabas
505 2967 515 2990 ,
525 2934 683 2999 fallacemque
696 2936 745 2999 ipse
756 2938 873 2997 vocabam

314 3009 408 3062 iudicio
418 3028 500 3079 peceat
516 3016 606 3083 turpius
616 3014 666 3079 ipse
678 3028 728 3066 tuo.
