2334 3917
283 388 347 473 358
425 380 464 447 Ρ.
490 378 644 445 Ονιυιι
663 370 858 445 NAsorrrs
917 368 924 380 '

231 516 262 551 ro
310 504 359 551 lam
379 498 484 559 modus,
500 503 524 549 δι
544 501 616 547 sacre
634 501 716 547 mitior
733 501 768 547 iro
784 497 891 549 domis!

278 580 312 629 Te
332 596 427 645 quoque
448 577 533 632 idem,
552 576 647 643 liquido
664 575 758 642 polium
775 581 851 643 iurare
862 613 869 637 ‚
882 584 994 644 precari,

308 657 344 706 0!
361 660 422 705 mihi
440 672 490 706 non
507 654 581 705 dubii
595 658 692 719 cognite
705 656 776 703 Brute
789 657 857 705 noti.

275 733 338 783 Nam
357 734 413 784 clm
431 734 562 799 prestiteris
576 749 659 783 verum
676 735 736 780 mihi
752 734 844 797 semper
863 752 990 795 amorem,
1078 763 1081 780 ⁴

308 812 352 861 iiic
374 828 454 861 tamen
471 810 570 862 adverso
590 826 697 874 tempore
715 813 790 859 erevit
805 828 884 860 amor.

228 890 255 937 ²5
274 890 369 957 Quique
389 904 440 939 tuas
459 892 546 953 pariter
566 886 682 950 lacrymer
701 888 839 953 nostrasque
856 888 967 949 videret,

307 962 414 1015 Pailuror
430 982 528 1031 poenam
543 963 650 1015 crederet
670 961 717 1013 eise
733 964 814 1014 ‹luosr

274 1046 362 1095 Lenem
380 1060 402 1094 te
421 1046 510 1093 nriserir
531 1047 615 1109 genuit
633 1043 739 1101 Natura,
753 1059 798 1091 nec
813 1042 857 1090 uili

307 1126 390 1173 Mitius
409 1126 550 1187 ingenium,
567 1119 641 1187 quim
661 1121 719 1178 tibi,
737 1121 827 1178 Brute,
846 1118 923 1168 dedit.

273 1202 308 1251 Ut
322 1206 380 1268 qui,
398 1198 456 1267 qnid
473 1200 564 1254 valeas,
583 1204 697 1264 ignoret,
715 1198 795 1247 Morte
809 1198 898 1247 lorensi
912 1234 921 1257 ‚

227 1283 257 1329 ³⁰
307 1278 373 1327 Poss'e
391 1295 433 1327 tuo
453 1282 532 1342 peragi
552 1281 592 1325 viz
613 1293 681 1341 putet
694 1292 738 1324 ore
752 1292 814 1325 reos.

272 1356 368 1405 Scilicet
388 1354 494 1421 ejusdem
512 1354 561 1411 est,
578 1356 687 1418 quamvis
706 1369 810 1417 pugnare
822 1351 940 1413 videtur,
956 1365 966 1378 ⁸

303 1434 453 1499 Supplicibus
473 1430 592 1489 facilem,
609 1432 716 1479 sontibus
736 1427 783 1478 elle
804 1445 906 1479 trucem.

272 1512 336 1565 Cim
351 1515 394 1561 tibi
413 1511 518 1574 suscepta
534 1508 566 1557 est
581 1508 640 1572 legis
655 1506 759 1557 vindina
775 1508 874 1560 severae,

298 1592 377 1640 Verba
396 1589 462 1638 velut
481 1590 580 1635 tinlium
596 1586 689 1651 singula
702 1587 767 1633 virus
783 1586 884 1633 habent.
980 1595 986 1608 ·

224 1674 252 1727 ³5
272 1670 382 1720 Hostibus
400 1668 510 1725 eveniat,
532 1662 606 1730 quim
621 1666 651 1712 ris
669 1662 789 1711 violentur
807 1665 832 1710 in
852 1664 924 1711 armis

302 1750 411 1805 Semne,
430 1748 453 1793 &
476 1744 562 1809 linguae
579 1740 627 1789 tela
644 1740 720 1788 subire
735 1754 790 1789 tua.

270 1827 328 1887 Quae
346 1828 388 1875 tibi
406 1839 454 1872 tam
475 1824 538 1871 tenui
556 1818 613 1868 curi
634 1816 765 1876 limantur,
786 1832 814 1866 ut
830 1833 914 1867 omnes
982 1813 986 1819 ’

302 1902 368 1949 lstius
379 1900 499 1961 ingenium
512 1897 618 1959 corporis
636 1887 682 1941 effe
698 1906 794 1957 negent.

268 1980 299 2028 At
312 1981 330 2025 si
346 1992 417 2041 quem
437 1971 490 2023 ledi
512 1970 617 2021 Fortuni
635 1971 711 2018 cernis
729 1967 832 2034 iniqui,

219 2074 252 2119 40
300 2054 402 2103 Mollior
418 2052 449 2100 ell
466 2052 547 2098 animo
568 2048 658 2096 femina
674 2046 740 2095 nulla
756 2062 806 2096 tuo.

267 2134 320 2183 Hoc
340 2147 384 2194 ego
400 2126 516 2193 precipui
534 2129 614 2183 sensi,
634 2123 689 2173 cilm
710 2140 796 2189 magna
815 2140 926 2171 meorum

298 2210 417 2259 Notitiam
435 2204 535 2270 pareest
551 2200 657 2249 inficiata
675 2204 733 2248 mei.

266 2292 397 2340 Irnmemor
412 2284 530 2338 illorum,
547 2280 617 2327 vestri
633 2296 682 2328 non
698 2282 827 2327 immemor
841 2294 957 2343 umqnnnr

298 2368 345 2429 Qui
365 2364 427 2413 mnia
445 2360 532 2411 soliciti
548 2357 626 2406 nostra
644 2358 751 2415 levastis,
765 2372 814 2404 ero.

216 2456 246 2507 45
266 2444 296 2495 Et
307 2442 384 2509 priris,
401 2444 445 2489 heu
461 2440 529 2487 nobis
548 2439 651 2483 nimium
666 2434 844 2482 conterminus!
859 2433 914 2482 ister

297 2524 325 2571 ln
341 2532 412 2585 capnt
429 2518 521 2565 Euxino
542 2512 571 2561 ‹le
589 2528 654 2559 mare
672 2524 749 2559 vertet
763 2514 808 2560 iter
830 2530 836 2558 τ

263 2600 344 2666 thue
364 2594 485 2657 Thyestiae
502 2588 599 2640 redeant
615 2592 634 2636 si
648 2602 757 2652 tempora
772 2588 890 2659 menie,-

295 2678 355 2725 Solis
372 2671 402 2722 acl
419 2673 479 2721 ans
496 2684 576 2717 currus
596 2681 678 2730 agetur
693 2682 765 2729 aquas
787 2684 792 2712 :

262 2753 342 2814 Qninr
359 2752 484 2816 quisquam
499 2742 616 2802 vestrim,
633 2743 675 2807 qui
689 2758 727 2789 me
739 2740 845 2791 doluistis
862 2743 973 2807 ademto,

217 2846 249 2893 50
297 2834 386 2895 Arguat
405 2830 525 2891 ingratum
544 2836 594 2871 non
613 2817 746 2868 meminllst
764 2820 808 2868 sui.
