2334 3917
698 217 703 248 s

274 432 340 516 278
407 427 451 496 P.
483 428 639 495 Orrnrr
668 431 881 499 NAsours'

289 597 965 672 &Queat

440 756 710 820 EPISTOLA
750 759 805 820 II.

473 914 707 976 MAXIM
728 917 768 978 0.

268 1002 459 1133 Miretur,
473 1078 515 1141 qui
523 1078 582 1126 tanti
595 1078 729 1126 mensuram
740 1080 845 1126 nominis
855 1079 960 1146 imples,

299 1149 330 1198 Et
344 1155 449 1214 geminae
461 1156 535 1202 animi
544 1153 671 1203 nobilitate
681 1171 754 1218 genus
766 1174 772 1204 ς

268 1227 316 1288 Qui
329 1229 393 1278 nasci
408 1244 435 1279 ut
445 1226 538 1294 posses,
555 1234 664 1296 quamvis
675 1230 780 1280 cecidere
796 1235 914 1293 trecensi,

300 1306 357 1355 Non
366 1323 449 1356 omnes
461 1309 546 1356 Fabios
556 1307 653 1356 abstulit
664 1325 710 1356 una
722 1307 788 1368 dies3

237 1401 247 1444 ς
267 1384 391 1440 Forsitan,
409 1386 459 1431 haec
471 1401 541 1448 rtqtto
553 1388 662 1434 mittatur
673 1386 787 1450 epistola,
800 1403 889 1450 quaeras
902 1405 910 1444 3

298 1461 393 1527 Quique
409 1461 494 1527 loquar
511 1477 607 1521 tecum,
622 1466 709 1512 certior
722 1461 767 1512 esse
782 1466 850 1512 velis.

266 1539 311 1588 Hei
321 1541 381 1588 mihi
392 1539 400 1587 i
415 1537 474 1604 quid
488 1538 598 1589 seciam?
613 1557 713 1600 vereor,
731 1557 778 1600 ne,
790 1544 889 1590 nomine
900 1539 978 1601 leno,

297 1615 377 1664 Durus
392 1621 417 1666 δι
431 1617 512 1666 averti
523 1633 601 1667 cetera
611 1633 691 1668 mente
707 1618 779 1682 legas.

265 1693 360 1744 Viderit
370 1697 420 1744 haec
430 1698 449 1743 si
460 1699 513 1760 quis
524 1730 533 1755 ,
549 1697 593 1744 tibi
604 1713 643 1744 me
655 1693 770 1760 scripsisse
781 1695 851 1746 ftteti

221 1777 251 1810 ’θ
299 1771 414 1831 Audebo,
427 1778 450 1824 δι
461 1776 562 1839 propriis
572 1771 712 1838 ingemuisse
723 1774 802 1824 malit.

265 1850 359 1900 Viderit
369 1869 377 1908 3
388 1850 481 1901 audebo
493 1854 536 1900 tibi
547 1869 586 1901 me
597 1848 710 1916 scripsisse
719 1851 800 1912 fateri,

297 1929 374 1994 Atque
385 1927 486 1978 modum
501 1929 579 1993 culpe
592 1927 717 1978 notifictre
733 1945 802 1978 mtae.

264 2005 332 2066 Qui,
343 2009 399 2054 cim
413 2021 452 2054 me
462 2005 535 2070 poni
549 2005 650 2070 dignum
661 2008 770 2071 graviore
782 2004 852 2056 fuisse

296 2080 438 2141 Confitear;
452 2081 548 2146 possum
559 2086 599 2133 vix
610 2087 719 2148 graviora
729 2088 787 2148 pati.

218 2156 243 2201 ¹5
264 2158 375 2210 Hostibus
393 2162 420 2208 iu
434 2159 519 2209 mediis
534 2163 643 2226 interque
656 2162 759 2226 pericula
778 2164 872 2212 versorr

295 2239 430 2303 Tamquam
446 2255 501 2286 cum
518 2237 595 2302 patrii
606 2255 651 2303 pax
661 2241 691 2288 sit
703 2237 798 2290 ademta
808 2241 878 2288 mibi.

262 2314 329 2376 Qui,
343 2319 432 2366 mortis
441 2317 505 2364 saevo
517 2318 640 2380 geminent
651 2331 678 2366 ut
687 2317 784 2366 vulnere
793 2319 893 2377 causas,

293 2394 382 2444 Omnia
391 2397 486 2459 vipereo
499 2392 589 2458 spicula
600 2393 656 2443 selle
671 2393 760 2444 linunt.

261 2470 305 2520 Hit
315 2488 385 2536 eques
395 2472 518 2523 instruant
528 2474 652 2536 perterrita
666 2475 757 2522 rnoenia
767 2471 863 2532 lustrat,

214 2555 246 2589 ²0
294 2548 365 2596 More
379 2548 429 2614 lupi
444 2549 533 2600 clausae
549 2552 721 2599 circumeuntis
735 2565 801 2600 ovet.

261 2624 294 2675 At
307 2661 315 2686 ,
332 2626 404 2675 semel
415 2629 623 2709 intentusonervo,
636 2627 694 2678 leuis
703 2643 787 2687 arcus,
803 2628 893 2692 equino

294 2703 397 2753 Vincusa
407 2706 498 2769 semper
508 2705 597 2754 habens
605 2706 730 2754 irresoluto
739 2717 828 2754 manet.

262 2780 334 2829 Testa
345 2783 421 2846 rigent
436 2779 486 2830 fixit
496 2781 572 2831 veluti
580 2781 671 2833 vallata
683 2784 789 2847 sagittis,

293 2857 411 2923 Porttque
421 2861 461 2908 vix
472 2856 542 2908 firmi
552 2860 678 2910 submovet
688 2851 754 2910 arma
764 2859 822 2908 seri.
960 2912 963 2920 ,

202 2940 242 2988 ,²5
262 2931 329 2983 Adde
348 2933 396 2986 loci
409 2935 513 2998 faciem,
531 2953 575 2986 nec
585 2937 673 2989 fronde
684 2973 693 2999 ,
706 2955 749 2988 nec
761 2939 843 2987 arbore
855 2936 921 2994 lem

295 3009 326 3059 Et
339 3010 406 3076 quod
416 3015 478 3062 inere
488 3017 563 3064 hiemi
574 3018 726 3065 continuatur
737 3017 822 3064 hiems.
880 3019 882 3022 ’

261 3087 308 3136 Hic
326 3104 364 3137 mc
375 3103 522 3155 pugnantem
539 3090 595 3143 c'um
607 3092 695 3160 frigore
707 3127 715 3154 ,
732 3101 836 3158 'cumque
847 3093 957 3156 sagittis,
