2334 3917
287 378 593 447 Fxsroxvn
619 377 714 447 an.
740 381 809 451 IV.
862 404 903 473 95

216 497 278 548 Era
294 498 352 547 Deae
364 501 465 548 comites
475 514 598 565 raucaque
609 514 674 565 terga
686 517 794 552 movent.

181 576 311 641 Cymbala
322 594 366 642 pro
377 576 450 643 galeis
462 612 471 636 ,
482 594 526 641 pto
536 579 609 627 scutis
622 594 735 644 tympana
742 580 855 645 pulsante

217 657 291 705 Tibia
308 654 350 705 dat
362 656 497 719 Phrygios,
517 670 544 704 ut
559 652 627 705 dedit
641 671 715 716 aute,
727 656 824 707 modos.

183 733 298 785 Desierat
309 751 317 792 ς
339 735 404 797 coepi
417 751 422 780 ι
436 731 488 783 Cur
499 735 574 792 huic,
594 749 667 797 genus
677 751 750 789 acre.
771 735 851 786 leones
909 754 953 803 ²¹5

218 813 328 860 l'raebent
342 810 450 859 insolitas
467 808 499 861 ad
511 814 567 876 juga
578 827 653 861 curva
662 813 750 875 jubas?

184 889 311 940 Desiexam
324 906 330 936 ε
342 891 436 953 coepit3
453 889 471 936 F
473 891 541 937 eritas
554 888 652 938 mollita
662 907 703 954 per
717 889 787 939 illuni

219 963 353 1016 Creditur:
370 965 397 1015 id
408 982 478 1015 curru
490 966 614 1016 testificata
626 970 669 1017 suo
681 968 722 1018 tst.

185 1045 219 1095 At
230 1059 272 1092 cur
286 1043 371 1093 turriti
382 1059 453 1109 caput
464 1044 497 1093 est
510 1060 595 1093 ornata
605 1046 695 1095 corond
708 1063 716 1104 3

221 1121 259 1170 An
278 1121 384 1185 Phrygiis
400 1136 475 1171 tuttes
487 1123 584 1170 urbibus
594 1122 638 1172 ille
649 1121 735 1173 dedit?
909 1141 956 1175 220

186 1199 289 1248 Annuit.
302 1197 373 1247 Unde
384 1202 450 1248 venit
461 1234 470 1259 ,
482 1198 551 1259 dixi,
567 1200 608 1249 sua
624 1202 733 1255 membra
747 1201 843 1255 secandi

220 1277 327 1341 Impetus
338 1280 347 1325 i
358 1291 384 1326 ut
402 1280 465 1327 tacui
475 1312 484 1335 ,
496 1278 568 1326 Pieris
582 1280 636 1326 orsa
647 1278 724 1344 loqui.

185 1354 269 1415 Phryx
282 1370 340 1419 puer
358 1356 383 1403 in
400 1354 486 1413 silvis,
505 1354 565 1404 facie
581 1356 729 1420 spellabilis,
748 1358 810 1410 ltux

220 1432 375 1495 Turrigernnx
384 1431 449 1483 costo
462 1435 540 1482 vinxit
551 1450 634 1481 amore
644 1434 732 1485 Deam.

186 1509 261 1559 Hunc
283 1510 328 1558 sibi
348 1511 435 1559 servari
446 1510 542 1571 voluit,
558 1513 600 1560 sua
611 1513 701 1577 templa
713 1518 773 1564 tueri
786 1533 795 1576 3
909 1538 952 1588 ²25

221 1586 254 1635 Et
264 1584 345 1649 dixit,
361 1589 457 1652 Semper
475 1588 514 1637 fac
530 1606 588 1654 puer
603 1586 650 1638 else
660 1590 728 1641 velis.

185 1662 234 1713 Ille
246 1660 321 1713 fidem
336 1666 403 1729 jussis
421 1661 508 1723 dedit,
526 1668 571 1723 δι,
590 1666 614 1713 Si
626 1668 743 1725 mentiar,
758 1670 857 1735 inquit,

220 1739 337 1795 Ultima,
355 1756 427 1807 quam
444 1741 542 1802 fallam,
555 1745 587 1791 eit
604 1744 683 1791 Venus
697 1744 740 1793 illa
754 1750 823 1796 mihi.
901 1751 903 1755 ’

185 1817 262 1867 Fallit
274 1835 280 1867 =
293 1821 318 1867 δι
335 1821 361 1867 iu
374 1816 487 1884 Nympha
498 1818 610 1885 Sagxtide
620 1818 708 1871 desinit
719 1820 764 1871 effe
774 1858 783 1884 ,

223 1894 298 1957 Quod
312 1896 359 1947 fuit
373 1900 443 1947 :huic
462 1915 545 1963 poenas
556 1901 630 1963 exigit
640 1902 675 1948 ira
685 1900 751 1950 Deae.
909 1932 957 1979 ²30

186 1972 271 2025 Naida
281 1974 417 2026 vulneribus
428 1975 530 2027 succidit
541 1980 566 2026 iu
580 1978 665 2028 arbore
675 1977 751 2029 fabiis.

221 2052 268 2103 llla
282 2056 342 2117 perit
354 2073 359 2103 ε
371 2054 449 2111 fatum
466 2052 559 2105 Naidos
570 2057 641 2106 arbor
653 2071 711 2108 erat.

186 2132 237 2182 Hic
255 2130 313 2181 furit
325 2150 331 2182 ε
345 2137 389 2193 bc,
406 2130 503 2183 credens
514 2133 614 2183 thalami
630 2135 786 2198 procumbere
799 2142 906 2202 tedium,

222 2208 334 2275 Effugit,
356 2215 381 2260 bt
392 2213 461 2264 cutsu
473 2209 599 2273 Dindyma
609 2213 702 2261 summa
712 2218 782 2278 petit.

186 2286 221 2337 Et
232 2285 318 2346 modd,
328 2287 399 2337 Tolle
406 2287 479 2345 factu
488 2288 923 2353 Remove,modonerbernclamat.2
927 2317 953 2364 35

223 2365 290 2429 Saepe
302 2365 426 2416 Palestinae
436 2370 500 2432 jurat
510 2364 587 2415 adesse
601 2368 673 2417 Deae.

186 2442 235 2493 Ille
245 2446 318 2493 etiam
329 2446 385 2497 saxo
396 2461 482 2509 corpus
494 2444 594 2493 laniavit
605 2462 676 2497 acuto
691 2481 701 2508 ,

222 2520 354 2587 Longaque
372 2525 398 2571 in
411 2522 540 2573 immundo
550 2524 647 2588 pulvere
659 2529 731 2578 trulla
742 2544 813 2577 coma
822 2529 864 2578 est.

186 2596 293 2663 Vuxque
312 2599 373 2659 fuit,
386 2602 466 2651 Metui
476 2620 482 2650 ι
501 2602 600 2652 Metitas
610 2602 667 2653 dem
677 2606 789 2669 sanguine
798 2624 890 2672 pinnas.

221 2678 275 2726 Ah!
291 2694 388 2742 pereant
399 2696 475 2744 partes
488 2714 495 2739 ,
507 2698 560 2747 quae
571 2696 673 2731 nocuere
684 2685 744 2731 mihi
756 2684 762 2731 l
910 2694 957 2739 24⁰

187 2752 227 2803 Ah
247 2757 364 2819 pereant!
381 2755 476 2807 dicebat
488 2756 564 2807 adhuc
577 2776 585 2816 3
599 2776 659 2808 onus
668 2764 772 2825 inguinis
782 2763 860 2815 aufert
871 2784 879 2825 3

222 2832 345 2900 Nullaque
361 2836 415 2885 sunt
425 2836 505 2885 subito
518 2840 584 2900 signa
600 2837 681 2887 telibla
692 2843 746 2888 viri.

186 2910 264 2959 Venit
274 2913 300 2959 in
312 2913 448 2978 exemplum
460 2913 526 2964 furor
536 2917 593 2963 hinc
603 2950 611 2973 ‚
629 2916 763 2985 mollesque
773 2924 875 2977 ministxi

221 2987 330 3039 Cadunt
340 2992 430 3056 jadatis
448 2993 505 3043 vilia
517 2995 624 3043 membra
635 2999 720 3047 comit.

186 3066 291 3120 Talibus
305 3070 388 3121 Aonlae
399 3068 572 3151 facundixoce
583 3070 698 3123 Camena
909 3098 952 3148 ²45
