2334 3917
284 432 354 496 234
411 405 455 474 P.
483 405 640 472 Orruit
662 373 856 472 NAsouta

234 517 262 570 11
281 520 339 571 inde
353 536 418 586 petet
433 536 526 580 arcem,
543 517 642 569 delubra
656 519 842 572 faventiavotis.

311 599 343 647 Et
352 596 448 648 dabitur
458 601 545 648 metito
555 597 637 648 laurea
645 614 702 648 vota
711 599 775 649 Jovi.

279 675 336 724 Haec
350 691 396 740 ego
410 677 547 736 submotus,
562 675 611 742 quai
623 672 716 742 possum
724 710 733 737 ,
748 691 828 728 mente
838 676 944 730 videbor

309 751 392 817 Erepti
406 755 476 802 nobis
487 755 524 818 jus
534 755 605 803 habet
614 753 658 804 ina
667 753 725 804 loci.

277 830 322 880 1112
328 848 370 897 per
379 833 506 880 immensas
515 833 628 895 spatiatur
639 831 713 882 libera
722 847 794 884 terras
805 851 812 882 ι

230 900 262 940 ⁶⁰
310 908 436 958 Incoelum
447 909 516 956 celeri
525 910 634 971 pervenit
642 906 686 957 illa
696 909 762 974 fugi.

278 985 322 1036 Illa
339 1002 406 1035 meos
419 985 504 1034 oculos
521 983 627 1034 mediam
645 983 743 1036 deducit
757 991 783 1036 in
797 987 906 1048 Urbem,

309 1064 430 1114 immunes
438 1067 498 1113 tanti
509 1079 553 1112 nec
562 1066 619 1113 sinit
629 1059 676 1112 esse
688 1065 754 1114 boni.

277 1143 431 1208 Invenietque
440 1145 505 1192 viam
518 1177 526 1202 ‚
543 1141 592 1208 qus
603 1157 683 1191 turtur
697 1145 783 1207 spetiei
797 1143 899 1194 eburnos
910 1163 917 1193 r

309 1221 347 1269 Sic
365 1220 428 1269 cette
442 1219 558 1285 inpactis
572 1222 694 1286 perbreve
709 1236 801 1285 tempus
814 1239 864 1270 ero.

229 1301 256 1352 ⁶5
276 1297 339 1346 Vera
352 1312 432 1347 tamen
440 1299 541 1363 populus
551 1301 628 1362 capiet
638 1299 768 1362 speciacula
779 1299 836 1348 selix
849 1317 855 1348 r

307 1376 419 1442 Letique
429 1379 474 1425 etit
484 1377 583 1440 presens
590 1391 646 1424 cunr
657 1376 724 1424 Duce
735 1377 803 1426 curba
811 1378 864 1427 suo.

274 1453 308 1504 Ac
320 1456 381 1502 mihi
391 1452 608 1518 ingeminatum,
621 1452 739 1520 longique
744 1467 839 1504 remoto
848 1487 857 1514 ,

308 1532 409 1580 Auribus
421 1534 459 1580 hic
471 1531 561 1580 studus
571 1531 736 1596 percipiendus
747 1535 799 1580 erit.

276 1610 353 1676 Atque
364 1610 448 1675 procul
459 1609 530 1659 Latio
547 1608 666 1658 diversum
680 1606 761 1658 missus
771 1612 796 1658 in
806 1609 890 1658 orbem

229 1705 260 1750 70
309 1687 358 1747 Qui
368 1703 446 1737 narret
457 1686 563 1753 cupido,
575 1691 615 1736 vix
627 1690 687 1747 etit,
701 1688 743 1736 ista
754 1690 824 1736 mihi.

276 1764 297 1813 Is
308 1782 403 1832 quoque
413 1769 462 1832 jam
475 1767 552 1814 serum
566 1766 652 1814 referet
661 1781 810 1831 veteremque
822 1768 988 1830 triumphum

309 1841 364 1901 Quo
381 1857 461 1892 tamen
476 1842 574 1892 audiero
588 1856 712 1908 tempore,
724 1843 791 1892 latus
805 1859 855 1892 eto.

274 1915 320 1962 iila
330 1915 379 1964 dies
389 1921 481 1977 veniet,
493 1935 546 1966 mea
557 1918 606 1982 qua
617 1917 725 1982 lugubria
737 1935 826 1983 ponam
837 1936 845 1977 ς

309 1991 433 2060 Causaque
441 1995 532 2060 privati
541 1996 638 2060 publica
648 2000 725 2062 major
735 1999 788 2046 erit.

288 2107 863 2210 ωὲᾓμᾳμ

346 2326 356 2336 .
439 2281 511 2342 EL
533 2283 558 2343 E
580 2283 609 2344 G
631 2283 645 2344 1
665 2284 693 2344 A
733 2281 824 2347 111.

276 2373 435 2493 Macar
446 2447 554 2510 minotqe
564 2443 801 2511 setae‚quarumregis
809 2444 883 2496 altera
890 2447 987 2514 Grajat.

307 2520 387 2570 Alteta
396 2520 518 2581 Sidonias,
528 2537 626 2588 utraque
638 2526 715 2577 sicca,
728 2539 801 2572 rates:

275 2599 365 2650 Omnia
381 2600 436 2649 crim
445 2602 539 2650 summo
550 2604 633 2665 positae
643 2599 742 2650 videatis
752 2604 776 2650 in
785 2617 845 2660 axe,

308 2677 339 2726 Et
348 2682 419 2727 matis
426 2677 537 2729 occiduas
546 2695 595 2727 nou
607 2679 707 2728 subeatis
718 2694 788 2743 aquas
797 2712 804 2737 ‚

242 2757 253 2803 5
275 2755 457 2822 ti'thereemque
467 2759 514 2806 suis
523 2761 619 2820 cingens
628 2756 774 2821 amplexibus
784 2773 863 2810 arcem

304 2832 385 2882 Vester
396 2835 425 2882 ab
434 2834 522 2884 incasti
531 2833 632 2883 circulus
642 2834 714 2883 exstet
724 2837 799 2882 humo
809 2851 817 2891 3

270 2912 374 2976 Aspicite
384 2911 425 2961 ilia
434 2947 442 2970 ,
452 2928 549 2977 precor,
560 2928 613 2978 qua
623 2927 673 2960 nou
685 2914 744 2960 betae
754 2913 844 2961 moenia
855 2913 984 2979 quondam

304 2988 400 3039 Dicitur
415 2988 500 3040 Iliades
511 2986 652 3040 transiluisse
665 2990 762 3038 Remus.

270 3064 346 3134 Inque
354 3084 434 3118 meam
440 3066 530 3119 nitidos
540 3065 666 3120 dominatu
674 3069 807 3124 convertite
817 3064 915 3120 culture
