2334 3917
208 394 214 400 ’
302 383 573 451 ansrrurs
603 381 707 448 Lis.
746 381 804 449 ΙΙ.
845 398 910 468 ¹99

193 499 278 568 thue
285 503 329 552 suo
339 501 445 552 Martem
451 502 538 551 cecinit
548 503 625 567 gravis
636 500 725 552 Ennius
735 518 777 552 ore
788 535 797 564 ‚

226 579 317 630 Ennius
325 584 423 645 iugenio
434 582 569 639 maximus,
581 592 631 628 arte
642 577 725 639 rudis,

192 657 306 723 Explicat
316 674 343 707 ut
353 659 432 707 causas
442 653 520 721 rapidi
531 655 654 706 Lucretius
664 659 745 722 ignis,
911 657 956 706 425

227 735 393 800 casurumque
406 733 493 799 triplex
502 736 647 784 vaticinatur
658 749 736 798 opust

193 815 234 863 Sic
242 816 282 863 sua
293 814 486 864 lascitoeantata
496 809 528 861 est
539 812 599 876 saepe
609 809 711 862 Catullo

228 883 343 952 Femina,
355 894 394 940 eui
407 888 496 939 falsum
506 888 592 938 Lesbia
602 901 758 938 numerasset.

192 969 247 1021 Nec
258 984 384 1019 contentus
394 967 439 1027 ed,
451 966 543 1016 multos
554 968 658 1030 signavit
671 981 778 1022 amores,

225 1048 254 1096 ln
268 1048 354 1113 quibus
364 1046 491 1111 ipsesuum
502 1039 575 1093 falsus
585 1041 730 1093 adulterium
742 1042 783 1090 eli.
909 1043 958 1088 410

197 1125 244 1175 Pas
253 1125 299 1175 fuit
309 1127 401 1188 exigui,
415 1121 548 1190 similisque
560 1121 676 1182 licentia,
687 1111 774 1176 Calvi]

226 1201 326 1252 Detexit
335 1204 406 1253 uariis
416 1203 458 1266 qui
465 1201 507 1249 sua
515 1199 580 1249 furta
590 1197 679 1249 modis.

192 1278 260 1340 Quid
266 1279 370 1330 referam
376 1275 479 1338 Ticide,
485 1275 546 1343 quid
552 1275 658 1327 Memmi
665 1282 770 1328 carmen?
782 1271 911 1340 apudquos

224 1358 304 1406 Rebus
313 1357 377 1405 abeli
387 1358 466 1404 omnis
477 1357 663 1422 nominibusque
671 1352 758 1420 pudor.

193 1434 275 1486 Cinna
280 1451 376 1502 quoque
382 1437 419 1484 his
424 1451 504 1484 comes
513 1435 685 1501 est,Cinnique
691 1436 816 1502 procacior
821 1432 892 1482 Anser
901 1435 957 1484 :4³5

224 1514 256 1564 Et
266 1513 318 1563 leve
327 1511 447 1564 Cornifici
457 1548 466 1573 ,
479 1529 569 1578 parque
579 1511 682 1563 Catonis
692 1529 761 1577 opus.

189 1589 223 1640 Et
235 1606 340 1656 quorum
351 1589 435 1650 libris,
445 1588 522 1640 modd
530 1588 679 1640 dissimulata
687 1589 779 1640 Perille

221 1668 343 1727 Nomine,
353 1684 417 1717 nunc
427 1669 516 1734 legitur
526 1667 591 1720 ditia
601 1669 720 1728 Metella,
739 1671 791 1717 suo.

189 1746 213 1796 Is
223 1763 319 1812 quoque
327 1780 335 1807 ,
344 1747 467 1796 Phasiacas
477 1748 543 1811 Argo
553 1749 596 1813 qui
609 1745 675 1796 duxit
684 1749 710 1794 in
720 1743 810 1805 undas,

221 1823 281 1873 Non
292 1823 557 1888 potuithnetisfurta
567 1838 645 1874 tacete
657 1825 712 1872 suae.
907 1817 958 1863 440

188 1899 242 1951 Nec
255 1901 474 1960 mussitassent,
491 1904 602 1951 necfunt
613 1906 692 1951 minus
703 1903 813 1966 improba
823 1897 890 1951 Servi

220 1978 353 2030 Carmina:
364 1983 417 2044 quis
428 1977 523 2029 dubitet
530 1983 631 2030 nomina
643 1995 709 2031 tanta
720 1982 803 2046 sequi?

187 2057 269 2108 Vertit
279 2056 499 2108 AristidenSisenna
506 2075 562 2108 enee
572 2058 700 2110 obfuitilli

220 2135 330 2185 Histotiae
340 2150 420 2202 turpes
432 2133 554 2186 inseruiffe
563 2139 641 2202 jocos.
672 2133 675 2140 ’

187 2211 240 2264 Nec
251 2213 298 2263 fuit
307 2216 439 2279 opprobrio
450 2211 576 2264 celebtaffe
585 2214 706 2279 Lycorida
717 2214 788 2265 Gallo
799 2249 807 2275 ‚
905 2222 951 2267 *iii

202 2319 205 2325 ‚
219 2291 268 2342 Sed
280 2291 388 2357 linguam
396 2295 475 2342 nimio
483 2309 534 2343 nou
544 2289 644 2343 tenuiil'r
654 2311 731 2343 mero.

182 2367 292 2422 ⁴Credere
301 2373 389 2435 juranti
399 2368 486 2419 durum
501 2385 571 2434 putat
581 2369 627 2420 effe
643 2371 755 2420 Tibullus
765 2406 774 2434 ,

218 2449 260 2497 Sic
270 2450 344 2498 etiam
358 2445 387 2496 de
399 2450 422 2495 se
432 2447 499 2513 quod
509 2464 580 2513 neget
592 2449 635 2498 illa
646 2453 708 2498 viro.

187 2525 278 2577 Fallere
292 2523 414 2574 custodem
425 2524 524 2574 demum
538 2523 645 2577 docuiffe
656 2527 744 2576 fatetur
758 2561 766 2586 ,
811 2553 816 2564 ι

217 2603 294 2668 Seque
309 2601 352 2652 sui
361 2604 476 2652 miserum
489 2621 553 2654 nunc
564 2609 599 2654 ait
607 2619 656 2654 arte
663 2607 749 2670 premi.
806 2637 809 2644 -
906 2609 954 2659 450

186 2681 252 2746 Saepe
261 2681 329 2732 velut
335 2697 456 2746 gemmam
468 2680 574 2732 domina
582 2685 707 2747 signumve
717 2683 828 2748 probaret
839 2717 846 2741 ,

216 2760 262 2809 Per
269 2761 364 2809 causam
375 2762 487 2809 meminit
493 2763 516 2810 st
529 2758 632 2826 tetigill'e
641 2775 750 2810 manum.

182 2836 264 2903 thue
273 2836 361 2896 refert,
375 2835 457 2902 digitis
467 2839 526 2902 saepe
537 2838 570 2886 est
582 2853 691 2904 nutuque
703 2837 815 2897 locutus,

216 2915 247 2966 Et
255 2917 354 2965 tacitam
363 2917 450 2964 mense
460 2913 529 2965 duxit
536 2919 562 2966 iu
572 2918 733 2966 orbenotam.

183 2992 215 3044 Et
224 2995 311 3060 quibus
321 3009 334 3041 e
346 2991 419 3050 succis
427 2995 497 3044 abeat
508 2991 538 3043 de
549 3010 650 3060 corpore
658 2993 720 3042 livor
729 3027 738 3054 ,
902 2998 929 3044 45
939 2993 952 3046 i'

216 3068 333 3140 imptello
343 3069 395 3123 fieti
408 3074 450 3138 qui
458 3071 521 3123 solet
535 3088 577 3123 ott
583 3107 595 3137 ,
609 3069 695 3126 doce·
793 3133 797 3138 ,

705 3151 765 3208 Iit
