2334 3917
267 359 561 427 FAsrouuu
584 356 686 423 Lr'n.
718 355 763 425 V.
817 378 883 443 119

92 472 93 475 ¹
119 486 126 492 ’
201 480 307 545 Legibus
325 479 357 529 est
369 476 513 537 ae,tas,unde
523 493 616 543 petatur
626 480 713 527 honos.

163 558 200 608 Ἔε
217 556 313 607 medius
323 562 454 623 juvenum,
467 573 516 606 non
533 554 710 620 indignantibus
723 554 796 620 ipsis,

203 637 258 685 Ibat
271 640 311 684 a&
323 638 440 690 interior,
456 638 475 683 si
486 651 567 684 comes
579 650 639 682 unus
647 648 706 683 erat.

171 716 252 764 Verba
262 717 315 779 quis
330 712 427 763 auderet
438 728 519 761 coram
534 714 588 760 sene
601 710 673 775 digna
683 711 770 761 rubore

205 791 446 840 Dicereicensuram
459 790 533 854 longa
545 792 635 839 senecia
643 787 724 837 dabat.
871 784 875 791 '
903 786 936 832 70

92 924 94 947 ‚
174 870 293 920 Romulus
310 871 357 917 hoc
372 867 451 929 vidit,
469 868 598 932 seiedaque
613 870 707 930 pestora
718 866 799 913 Patres

207 948 276 997 Dixit
285 965 292 995 s
302 945 334 995 ad
350 948 393 995 hos
408 944 479 993 Urbis
490 946 583 993 summa
591 944 666 992 relata
679 958 757 992 novae.

177 1024 240 1077 Hinc
251 1026 292 1073 sua
302 1024 403 1089 majores
410 1021 511 1087 posuisse
520 1022 638 1072 vocabula
646 1022 714 1085 MaJo

209 1104 328 1167 Tangor,
346 1104 371 1150 δι
389 1104 453 1149 erari
466 1098 609 1149 consuluiffe
622 1102 677 1147 suae.
792 1114 801 1146 i

92 1214 93 1251 5
176 1179 207 1229 Et
226 1180 341 1228 Numitor
352 1174 435 1227 dixisse
449 1180 539 1243 potest,
550 1178 604 1232 Da,
617 1176 738 1234 Romule,
753 1175 858 1223 mensem
908 1173 947 1221 75'

210 1256 282 1305 Hunc
294 1256 386 1305 senibus
396 1274 403 1315 3
418 1273 461 1305 nec
472 1273 543 1305 avum
555 1252 684 1305 sustinuisse
694 1268 777 1317 nepos.

92 1342 93 1377 i
178 1332 230 1383 Nec
242 1333 294 1381 leve
304 1336 423 1398 praepositi
434 1337 517 1399 pignus
529 1331 645 1382 succeisor
655 1335 755 1381 honoris

92 1468 93 1471 Ἰ
211 1412 312 1471 iunius,
324 1428 339 1460 a
350 1415 463 1475 juvenum
474 1416 572 1461 nomine
589 1410 678 1471 didius,
698 1412 778 1459 habet.

92 1490 93 1493 ’
180 1487 244 1536 Tum
256 1492 308 1543 sic,
322 1490 441 1554 negiedios
452 1488 539 1538 hedera
549 1488 660 1539 redimita
668 1488 769 1553 capillos
779 1520 788 1547 ‚

213 1568 294 1615 Prima
304 1568 339 1615 sui
350 1571 424 1633 ccrpit
436 1567 562 1635 Calliopia
574 1570 640 1616 chori
653 1585 659 1615 s
910 1556 942 1602 ⁸0

180 1642 288 1692 Duxerat
299 1644 406 1693 Oceanus
416 1644 540 1711 quondam
551 1644 666 1694 Titanida
677 1645 793 1705 Tethyn,

214 1723 263 1781 Qui
276 1738 362 1771 terram
374 1722 486 1789 liquidis,
498 1722 546 1789 qui
558 1738 623 1788 patet
633 1758 641 1781 ,
653 1722 729 1770 ambit
739 1722 816 1785 aquis.

92 1834 94 1857 ,
183 1798 246 1848 Hinc
256 1801 306 1849 sata
317 1799 414 1850 Pleione
426 1818 482 1849 curn
495 1801 605 1849 coeltfero
616 1800 711 1849 Atlante

215 1877 344 1941 iungitur,
360 1878 458 1927 utfama
470 1878 502 1927 est
514 1896 522 1937 3
537 1876 692 1943 Pleiadasque
702 1878 781 1940 parit,

185 1952 292 2014 Quarum
308 1956 376 2021 Maja
389 1958 440 2005 suas
454 1956 533 2005 fornia
544 1952 659 2021 supetaffe
669 1956 761 2003 sorores

218 2031 350 2093 Traditur,
367 2040 392 2085 δι
409 2038 503 2085 summo
515 2030 667 2084 concubuisse
678 2034 741 2082 lori.

185 2108 243 2159 Haec
255 2114 323 2161 enixa
334 2116 391 2177 jugo
402 2113 559 2179 cupressiferae
571 2112 686 2175 Cyllenes

218 2186 353 2237 AEthetium
369 2192 461 2240 volucri
473 2195 513 2257 qui
524 2189 583 2257 pede
594 2194 669 2255 carpit
683 2193 737 2238 iter.

187 2263 290 2315 Arcades
305 2270 385 2327 hunc,
401 2267 531 2334 Ladonque
547 2286 634 2334 rapax,
651 2272 675 2316 bt
687 2265 804 2317 Menalos
817 2268 899 2331 ingens

221 2344 275 2392 Rite
286 2345 371 2395 colunt
381 2381 389 2406 ,
401 2346 468 2395 Luni
482 2346 571 2397 credita
584 2362 645 2396 terta
654 2350 729 2412 prior.
917 2344 950 2390 90

188 2421 260 2471 Exsul
272 2424 301 2472 ab
313 2422 418 2473 Arcadiis
429 2424 508 2473 Latios
520 2422 628 2473 Evander
638 2428 663 2473 in
674 2438 743 2487 agros

222 2500 343 2559 Venerat,
356 2503 481 2565 impositos
491 2501 652 2566 attuleratque
662 2500 737 2548 Deos.

189 2573 237 2624 Hic
250 2586 259 2635 ,
270 2578 311 2625 ubi
322 2594 385 2627 nunc
397 2580 517 2628 Roma-est
526 2581 591 2629 orbis
602 2593 672 2643 caput
682 2613 690 2637 ,
702 2579 805 2627 arbor&
814 2578 902 2636 herba,

222 2654 254 2703 Et
264 2670 345 2719 paucae
357 2654 459 2720 pecudes
470 2692 479 2717 ,
492 2662 516 2706 dt
528 2659 580 2707 casa
591 2673 643 2705 rara
654 2656 708 2704 fuit.

191 2731 249 2791 Qud
260 2732 312 2796 post
322 2732 394 2799 quam
404 2748 503 2783 ventum
513 2752 520 2795 3
532 2734 678 2793 Consistire,
690 2732 785 2797 praescia
796 2746 887 2794 mater,
921 2738 951 2784 95

225 2810 291 2859 Nam
302 2810 369 2860 locus
382 2815 476 2877 imperii
487 2830 524 2861 rus
534 2816 578 2861 erit
589 2810 665 2869 istud,
678 2813 720 2859 air.

192 2886 224 2936 Et
237 2890 309 2937 matri
322 2892 348 2937 δε
362 2892 410 2940 vati
425 2906 491 2955 parer
505 2890 639 2940 Nonacrius
653 2892 741 2947 heros,

227 2966 303 3032 inque
316 2968 439 3033 peregrini
449 2970 555 3018 constitit
564 2971 647 3033 hospes
661 2967 748 3017 humo!
764 2967 768 2972 “

194 3044 312 3111 Sacraque
323 3045 400 3096 multa
411 3042 509 3113 quidem
521 3081 530 3109 ,
548 3044 590 3097 sed
607 3048 681 3099 fauni
691 3047 768 3112 prima
778 3046 882 3096 bicornis
