<?xml version="1.0" encoding="UTF-8"?>
<!DOCTYPE html PUBLIC "-//W3C//DTD XHTML 1.0 Transitional//EN"
    "http://www.w3.org/TR/xhtml1/DTD/xhtml1-transitional.dtd">
<html xmlns="http://www.w3.org/1999/xhtml" xml:lang="en" lang="en">
 <head>
  <title>
</title>
<meta http-equiv="Content-Type" content="text/html;charset=utf-8" />
  <meta name='ocr-system' content='tesseract 3.04.00' />
  <meta name='ocr-capabilities' content='ocr_page ocr_carea ocr_par ocr_line ocrx_word'/>
</head>
<body>
  <div class='ocr_page' id='page_1' title='image "./povidiinasoniso05ovidgoog_0356.png"; bbox 0 0 2334 3917; ppageno 0'>
   <div class='ocr_carea' id='block_1_1' title="bbox 265 363 847 447">
    <p class='ocr_par' dir='ltr' id='par_1_1' title="bbox 265 363 847 447">
     <span class='ocr_line' id='line_1_1' title="bbox 265 363 847 447; baseline -0.017 -8"><span class='ocrx_word' id='word_1_1' title='bbox 265 364 333 447; x_wconf 74' lang='lat'><strong>,348</strong></span> <span class='ocrx_word' id='word_1_2' title='bbox 398 363 440 430; x_wconf 86' lang='lat' dir='ltr'><strong>P.</strong></span> <span class='ocrx_word' id='word_1_3' title='bbox 469 364 626 431; x_wconf 74' lang='lat' dir='ltr'><strong>Ovtntr</strong></span> <span class='ocrx_word' id='word_1_4' title='bbox 652 366 847 431; x_wconf 75' lang='lat' dir='ltr'><strong>NAsouts</strong></span> 
     </span>
    </p>
   </div>
   <div class='ocr_carea' id='block_1_2' title="bbox 214 480 991 1472">
    <p class='ocr_par' dir='ltr' id='par_1_2' title="bbox 214 480 991 1472">
     <span class='ocr_line' id='line_1_2' title="bbox 262 480 956 550; baseline 0 -21"><span class='ocrx_word' id='word_1_5' title='bbox 262 480 297 530; x_wconf 90' lang='lat' dir='ltr'><strong>Ut</strong></span> <span class='ocrx_word' id='word_1_6' title='bbox 318 483 375 529; x_wconf 87' lang='lat' dir='ltr'><strong>mihi</strong></span> <span class='ocrx_word' id='word_1_7' title='bbox 395 485 492 532; x_wconf 76' lang='lat' dir='ltr'><strong>conanti</strong></span> <span class='ocrx_word' id='word_1_8' title='bbox 509 500 559 533; x_wconf 90' lang='lat' dir='ltr'><strong>non</strong></span> <span class='ocrx_word' id='word_1_9' title='bbox 577 499 710 550; x_wconf 79' lang='lat' dir='ltr'><strong>numquam</strong></span> <span class='ocrx_word' id='word_1_10' title='bbox 727 481 850 533; x_wconf 82' lang='lat' dir='ltr'><strong>intendere</strong></span> <span class='ocrx_word' id='word_1_11' title='bbox 862 496 956 541; x_wconf 84' lang='lat' dir='ltr'><strong>curat,</strong></span> 
     </span>
     <span class='ocr_line' id='line_1_3' title="bbox 216 558 784 625; baseline 0.005 -18"><span class='ocrx_word' id='word_1_12' title='bbox 216 560 246 607; x_wconf 75' lang='lat'><strong>⁵0</strong></span> <span class='ocrx_word' id='word_1_13' title='bbox 294 558 403 609; x_wconf 68' lang='lat' dir='ltr'><strong>fortuna</strong></span> <span class='ocrx_word' id='word_1_14' title='bbox 421 561 509 625; x_wconf 86' lang='lat' dir='ltr'><strong>speciee</strong></span> <span class='ocrx_word' id='word_1_15' title='bbox 526 562 604 611; x_wconf 81' lang='lat' dir='ltr'><strong>obstat</strong></span> <span class='ocrx_word' id='word_1_16' title='bbox 618 562 701 611; x_wconf 87' lang='lat' dir='ltr'><strong>acerba</strong></span> <span class='ocrx_word' id='word_1_17' title='bbox 716 576 784 610; x_wconf 74' lang='lat' dir='ltr'><strong>mee.</strong></span> 
     </span>
     <span class='ocr_line' id='line_1_4' title="bbox 264 634 991 707; baseline 0 -24"><span class='ocrx_word' id='word_1_18' title='bbox 264 634 355 700; x_wconf 83' lang='lat' dir='ltr'>Vixque</span> <span class='ocrx_word' id='word_1_19' title='bbox 370 639 430 686; x_wconf 84' lang='lat' dir='ltr'><strong>mihi</strong></span> <span class='ocrx_word' id='word_1_20' title='bbox 443 636 545 707; x_wconf 77' lang='lat' dir='ltr'><strong>videor,</strong></span> <span class='ocrx_word' id='word_1_21' title='bbox 565 640 654 689; x_wconf 76' lang='lat' dir='ltr'><strong>faciam</strong></span> <span class='ocrx_word' id='word_1_22' title='bbox 669 638 736 705; x_wconf 91' lang='lat' dir='ltr'><strong>quod</strong></span> <span class='ocrx_word' id='word_1_23' title='bbox 751 640 874 696; x_wconf 89' lang='lat' dir='ltr'><strong>carmina,</strong></span> <span class='ocrx_word' id='word_1_24' title='bbox 889 638 965 685; x_wconf 73' lang='lat' dir='ltr'><strong>sanus</strong></span> <span class='ocrx_word' id='word_1_25' title='bbox 980 650 991 683; x_wconf 89' lang='lat' dir='ltr'><strong>a</strong></span> 
     </span>
     <span class='ocr_line' id='line_1_5' title="bbox 296 710 826 779; baseline 0.009 -22"><span class='ocrx_word' id='word_1_26' title='bbox 296 710 372 775; x_wconf 90' lang='lat' dir='ltr'><strong>inque</strong></span> <span class='ocrx_word' id='word_1_27' title='bbox 389 712 443 761; x_wconf 81' lang='lat' dir='ltr'><strong>feris</strong></span> <span class='ocrx_word' id='word_1_28' title='bbox 459 728 540 763; x_wconf 87' lang='lat' dir='ltr'><strong>cutem</strong></span> <span class='ocrx_word' id='word_1_29' title='bbox 555 718 673 779; x_wconf 73' lang='lat' dir='ltr'>corrigere</span> <span class='ocrx_word' id='word_1_30' title='bbox 687 714 730 763; x_wconf 83' lang='lat' dir='ltr'><strong>iila</strong></span> <span class='ocrx_word' id='word_1_31' title='bbox 744 715 826 765; x_wconf 71' lang='lat' dir='ltr'><strong>cenet</strong></span> 
     </span>
     <span class='ocr_line' id='line_1_6' title="bbox 263 785 917 856; baseline 0.005 -22"><span class='ocrx_word' id='word_1_32' title='bbox 263 785 306 835; x_wconf 88' lang='lat' dir='ltr'><strong>Nil</strong></span> <span class='ocrx_word' id='word_1_33' title='bbox 327 802 409 839; x_wconf 82' lang='lat' dir='ltr'><strong>tamen</strong></span> <span class='ocrx_word' id='word_1_34' title='bbox 430 809 442 840; x_wconf 90' lang='lat' dir='ltr'><strong>e</strong></span> <span class='ocrx_word' id='word_1_35' title='bbox 460 793 551 856; x_wconf 81' lang='lat' dir='ltr'><strong>scriptia</strong></span> <span class='ocrx_word' id='word_1_36' title='bbox 571 794 647 856; x_wconf 73' lang='lat' dir='ltr'><strong>magia</strong></span> <span class='ocrx_word' id='word_1_37' title='bbox 665 790 797 841; x_wconf 78' lang='lat' dir='ltr'>excusabile</span> <span class='ocrx_word' id='word_1_38' title='bbox 813 789 917 849; x_wconf 77' lang='lat' dir='ltr'><strong>nostrie,</strong></span> 
     </span>
     <span class='ocr_line' id='line_1_7' title="bbox 296 864 904 935; baseline 0 -21"><span class='ocrx_word' id='word_1_39' title='bbox 296 864 378 927; x_wconf 71' lang='lat' dir='ltr'><strong>Qudm</strong></span> <span class='ocrx_word' id='word_1_40' title='bbox 393 870 471 917; x_wconf 77' lang='lat' dir='ltr'><strong>sensus</strong></span> <span class='ocrx_word' id='word_1_41' title='bbox 486 870 574 918; x_wconf 68' lang='lat' dir='ltr'><strong>condis</strong></span> <span class='ocrx_word' id='word_1_42' title='bbox 592 885 657 933; x_wconf 77' lang='lat' dir='ltr'><strong>paene</strong></span> <span class='ocrx_word' id='word_1_43' title='bbox 674 867 742 935; x_wconf 89' lang='lat' dir='ltr'><strong>quod</strong></span> <span class='ocrx_word' id='word_1_44' title='bbox 760 883 820 917; x_wconf 84' lang='lat' dir='ltr'><strong>unue</strong></span> <span class='ocrx_word' id='word_1_45' title='bbox 834 867 904 915; x_wconf 89' lang='lat' dir='ltr'><strong>inest.</strong></span> 
     </span>
     <span class='ocr_line' id='line_1_8' title="bbox 215 940 857 1006; baseline 0.003 -15"><span class='ocrx_word' id='word_1_46' title='bbox 215 962 243 1006; x_wconf 74' lang='lat'><strong>35</strong></span> <span class='ocrx_word' id='word_1_47' title='bbox 263 940 328 993; x_wconf 79' lang='lat' dir='ltr'><strong>Laeta</strong></span> <span class='ocrx_word' id='word_1_48' title='bbox 346 944 394 994; x_wconf 72' lang='lat' dir='ltr'><strong>fet!</strong></span> <span class='ocrx_word' id='word_1_49' title='bbox 411 946 477 995; x_wconf 69' lang='lat' dir='ltr'><strong>ictus</strong></span> <span class='ocrx_word' id='word_1_50' title='bbox 494 948 587 1000; x_wconf 87' lang='lat' dir='ltr'><strong>cecini.</strong></span> <span class='ocrx_word' id='word_1_51' title='bbox 605 963 667 996; x_wconf 84' lang='lat' dir='ltr'><strong>cano</strong></span> <span class='ocrx_word' id='word_1_52' title='bbox 688 947 761 995; x_wconf 87' lang='lat' dir='ltr'><strong>tristia</strong></span> <span class='ocrx_word' id='word_1_53' title='bbox 778 945 857 995; x_wconf 81' lang='lat' dir='ltr'><strong>tristis.</strong></span> 
     </span>
     <span class='ocr_line' id='line_1_9' title="bbox 297 1018 880 1091; baseline 0.002 -21"><span class='ocrx_word' id='word_1_54' title='bbox 297 1018 450 1074; x_wconf 81' lang='lat' dir='ltr'><strong>Conveniens</strong></span> <span class='ocrx_word' id='word_1_55' title='bbox 461 1026 527 1091; x_wconf 82' lang='lat' dir='ltr'><strong>operi</strong></span> <span class='ocrx_word' id='word_1_56' title='bbox 540 1039 634 1089; x_wconf 75' lang='lat' dir='ltr'><strong>tempus</strong></span> <span class='ocrx_word' id='word_1_57' title='bbox 644 1040 772 1090; x_wconf 87' lang='lat' dir='ltr'><strong>utrumque</strong></span> <span class='ocrx_word' id='word_1_58' title='bbox 783 1024 826 1072; x_wconf 90' lang='lat' dir='ltr'><strong>suo</strong></span> <span class='ocrx_word' id='word_1_59' title='bbox 837 1022 880 1071; x_wconf 80' lang='lat' dir='ltr'><strong>cst.</strong></span> 
     </span>
     <span class='ocr_line' id='line_1_10' title="bbox 264 1098 883 1167; baseline -0.002 -19"><span class='ocrx_word' id='word_1_60' title='bbox 264 1098 347 1159; x_wconf 86' lang='lat' dir='ltr'><strong>Quid,</strong></span> <span class='ocrx_word' id='word_1_61' title='bbox 360 1105 405 1151; x_wconf 82' lang='lat' dir='ltr'><strong>niti</strong></span> <span class='ocrx_word' id='word_1_62' title='bbox 422 1101 451 1151; x_wconf 94' lang='lat' dir='ltr'><strong>de</strong></span> <span class='ocrx_word' id='word_1_63' title='bbox 468 1105 528 1153; x_wconf 85' lang='lat' dir='ltr'><strong>vitio</strong></span> <span class='ocrx_word' id='word_1_64' title='bbox 546 1104 646 1152; x_wconf 79' lang='lat' dir='ltr'><strong>scribam</strong></span> <span class='ocrx_word' id='word_1_65' title='bbox 663 1104 765 1167; x_wconf 73' lang='lat' dir='ltr'><strong>regionis</strong></span> <span class='ocrx_word' id='word_1_66' title='bbox 780 1102 883 1151; x_wconf 71' lang='lat' dir='ltr'><strong>amarti</strong></span> 
     </span>
     <span class='ocr_line' id='line_1_11' title="bbox 296 1176 882 1244; baseline 0.005 -18"><span class='ocrx_word' id='word_1_67' title='bbox 296 1176 378 1244; x_wconf 85' lang='lat' dir='ltr'><strong>thue</strong></span> <span class='ocrx_word' id='word_1_68' title='bbox 396 1180 449 1229; x_wconf 89' lang='lat' dir='ltr'><strong>solo</strong></span> <span class='ocrx_word' id='word_1_69' title='bbox 466 1182 554 1230; x_wconf 85' lang='lat' dir='ltr'><strong>moriar</strong></span> <span class='ocrx_word' id='word_1_70' title='bbox 574 1177 762 1238; x_wconf 85' lang='lat' dir='ltr'><strong>commodiore,</strong></span> <span class='ocrx_word' id='word_1_71' title='bbox 783 1184 882 1243; x_wconf 75' lang='lat' dir='ltr'><strong>precer!</strong></span> 
     </span>
     <span class='ocr_line' id='line_1_12' title="bbox 264 1254 903 1316; baseline -0.008 -9"><span class='ocrx_word' id='word_1_72' title='bbox 264 1254 330 1307; x_wconf 80' lang='lat' dir='ltr'><strong>Cdna</strong></span> <span class='ocrx_word' id='word_1_73' title='bbox 355 1260 426 1307; x_wconf 77' lang='lat' dir='ltr'><strong>toties</strong></span> <span class='ocrx_word' id='word_1_74' title='bbox 446 1256 529 1308; x_wconf 83' lang='lat' dir='ltr'><strong>eadem</strong></span> <span class='ocrx_word' id='word_1_75' title='bbox 550 1256 650 1316; x_wconf 88' lang='lat' dir='ltr'><strong>dicam,</strong></span> <span class='ocrx_word' id='word_1_76' title='bbox 672 1260 711 1306; x_wconf 82' lang='lat' dir='ltr'><strong>vix</strong></span> <span class='ocrx_word' id='word_1_77' title='bbox 730 1254 814 1305; x_wconf 84' lang='lat' dir='ltr'><strong>audior</strong></span> <span class='ocrx_word' id='word_1_78' title='bbox 832 1255 903 1305; x_wconf 79' lang='lat' dir='ltr'><strong>uiiiz</strong></span> 
     </span>
     <span class='ocr_line' id='line_1_13' title="bbox 214 1334 827 1401; baseline -0.003 -18"><span class='ocrx_word' id='word_1_79' title='bbox 214 1343 249 1389; x_wconf 77' lang='lat'><strong>40</strong></span> <span class='ocrx_word' id='word_1_80' title='bbox 296 1334 422 1401; x_wconf 81' lang='lat' dir='ltr'><strong>Verbaque</strong></span> <span class='ocrx_word' id='word_1_81' title='bbox 443 1336 550 1401; x_wconf 76' lang='lat' dir='ltr'><strong>profeiiu</strong></span> <span class='ocrx_word' id='word_1_82' title='bbox 571 1334 719 1385; x_wconf 75' lang='lat' dir='ltr'><strong>dissimulata</strong></span> <span class='ocrx_word' id='word_1_83' title='bbox 737 1348 827 1383; x_wconf 83' lang='lat' dir='ltr'><strong>carent.</strong></span> 
     </span>
     <span class='ocr_line' id='line_1_14' title="bbox 263 1407 987 1472; baseline -0.004 -11"><span class='ocrx_word' id='word_1_84' title='bbox 263 1410 294 1461; x_wconf 82' lang='lat' dir='ltr'><strong>Et</strong></span> <span class='ocrx_word' id='word_1_85' title='bbox 307 1427 387 1462; x_wconf 88' lang='lat' dir='ltr'><strong>tamen</strong></span> <span class='ocrx_word' id='word_1_86' title='bbox 397 1417 447 1462; x_wconf 75' lang='lat' dir='ltr'><strong>haec</strong></span> <span class='ocrx_word' id='word_1_87' title='bbox 458 1410 541 1463; x_wconf 83' lang='lat' dir='ltr'><strong>eadent</strong></span> <span class='ocrx_word' id='word_1_88' title='bbox 552 1412 608 1463; x_wconf 81' lang='lat' dir='ltr'><strong>caim</strong></span> <span class='ocrx_word' id='word_1_89' title='bbox 618 1416 681 1472; x_wconf 78' lang='lat' dir='ltr'><strong>rint,</strong></span> <span class='ocrx_word' id='word_1_90' title='bbox 694 1429 744 1461; x_wconf 91' lang='lat' dir='ltr'><strong>non</strong></span> <span class='ocrx_word' id='word_1_91' title='bbox 752 1413 876 1460; x_wconf 73' lang='lat' dir='ltr'><strong>scribimus</strong></span> <span class='ocrx_word' id='word_1_92' title='bbox 884 1407 965 1459; x_wconf 82' lang='lat' dir='ltr'><strong>isdem</strong></span> <span class='ocrx_word' id='word_1_93' title='bbox 978 1426 987 1458; x_wconf 83' lang='lat' dir='ltr'><strong>e</strong></span> 
     </span>
    </p>
   </div>
   <div class='ocr_carea' id='block_1_3' title="bbox 215 1488 947 1944">
    <p class='ocr_par' dir='ltr' id='par_1_3' title="bbox 215 1488 947 1944">
     <span class='ocr_line' id='line_1_15' title="bbox 297 1488 868 1557; baseline -0.007 -18"><span class='ocrx_word' id='word_1_94' title='bbox 297 1488 398 1557; x_wconf 84' lang='lat' dir='ltr'><strong>Unaque</strong></span> <span class='ocrx_word' id='word_1_95' title='bbox 419 1507 460 1556; x_wconf 84' lang='lat' dir='ltr'><strong>per</strong></span> <span class='ocrx_word' id='word_1_96' title='bbox 477 1490 555 1555; x_wconf 77' lang='lat' dir='ltr'><strong>plures</strong></span> <span class='ocrx_word' id='word_1_97' title='bbox 571 1507 618 1541; x_wconf 81' lang='lat' dir='ltr'><strong>vox</strong></span> <span class='ocrx_word' id='word_1_98' title='bbox 629 1507 683 1539; x_wconf 87' lang='lat' dir='ltr'><strong>mea</strong></span> <span class='ocrx_word' id='word_1_99' title='bbox 695 1504 772 1539; x_wconf 83' lang='lat' dir='ltr'><strong>tentat</strong></span> <span class='ocrx_word' id='word_1_100' title='bbox 786 1503 868 1553; x_wconf 80' lang='lat' dir='ltr'><strong>opem.</strong></span> 
     </span>
     <span class='ocr_line' id='line_1_16' title="bbox 265 1564 903 1633; baseline -0.005 -17"><span class='ocrx_word' id='word_1_101' title='bbox 265 1567 319 1625; x_wconf 76' lang='lat' dir='ltr'><strong>An,</strong></span> <span class='ocrx_word' id='word_1_102' title='bbox 340 1583 370 1617; x_wconf 91' lang='lat' dir='ltr'><strong>ne</strong></span> <span class='ocrx_word' id='word_1_103' title='bbox 392 1569 427 1617; x_wconf 84' lang='lat' dir='ltr'><strong>bit</strong></span> <span class='ocrx_word' id='word_1_104' title='bbox 444 1570 536 1617; x_wconf 87' lang='lat' dir='ltr'><strong>sensum</strong></span> <span class='ocrx_word' id='word_1_105' title='bbox 555 1568 628 1617; x_wconf 64' lang='lat' dir='ltr'><strong>ledor</strong></span> <span class='ocrx_word' id='word_1_106' title='bbox 643 1570 755 1633; x_wconf 87' lang='lat' dir='ltr'><strong>reperiret</strong></span> <span class='ocrx_word' id='word_1_107' title='bbox 770 1564 903 1627; x_wconf 82' lang='lat' dir='ltr'><strong>eumdem,</strong></span> 
     </span>
     <span class='ocr_line' id='line_1_17' title="bbox 297 1642 860 1709; baseline -0.004 -16"><span class='ocrx_word' id='word_1_108' title='bbox 297 1644 365 1694; x_wconf 85' lang='lat' dir='ltr'><strong>Unur</strong></span> <span class='ocrx_word' id='word_1_109' title='bbox 381 1648 530 1701; x_wconf 88' lang='lat' dir='ltr'><strong>amicorum,</strong></span> <span class='ocrx_word' id='word_1_110' title='bbox 545 1646 636 1703; x_wconf 85' lang='lat' dir='ltr'><strong>Brute,</strong></span> <span class='ocrx_word' id='word_1_111' title='bbox 658 1642 776 1709; x_wconf 75' lang='lat' dir='ltr'><strong>rogandus</strong></span> <span class='ocrx_word' id='word_1_112' title='bbox 793 1644 860 1692; x_wconf 74' lang='lat' dir='ltr'><strong>eret?</strong></span> 
     </span>
     <span class='ocr_line' id='line_1_18' title="bbox 215 1716 922 1787; baseline -0.008 -14"><span class='ocrx_word' id='word_1_113' title='bbox 215 1735 245 1783; x_wconf 76' lang='lat'><strong>45</strong></span> <span class='ocrx_word' id='word_1_114' title='bbox 265 1722 323 1773; x_wconf 88' lang='lat' dir='ltr'><strong>Non</strong></span> <span class='ocrx_word' id='word_1_115' title='bbox 344 1723 391 1773; x_wconf 84' lang='lat' dir='ltr'><strong>fuit</strong></span> <span class='ocrx_word' id='word_1_116' title='bbox 406 1726 453 1773; x_wconf 89' lang='lat' dir='ltr'><strong>hoc</strong></span> <span class='ocrx_word' id='word_1_117' title='bbox 471 1726 530 1773; x_wconf 84' lang='lat' dir='ltr'><strong>tanti</strong></span> <span class='ocrx_word' id='word_1_118' title='bbox 545 1741 553 1773; x_wconf 83' lang='lat' dir='ltr'><strong>a</strong></span> <span class='ocrx_word' id='word_1_119' title='bbox 570 1719 679 1773; x_wconf 82' lang='lat' dir='ltr'><strong>confeffo</strong></span> <span class='ocrx_word' id='word_1_120' title='bbox 696 1722 827 1787; x_wconf 76' lang='lat' dir='ltr'><strong>ignoscite.</strong></span> <span class='ocrx_word' id='word_1_121' title='bbox 846 1716 922 1768; x_wconf 68' lang='lat' dir='ltr'><strong>dodi.</strong></span> 
     </span>
     <span class='ocr_line' id='line_1_19' title="bbox 292 1797 769 1865; baseline -0.002 -18"><span class='ocrx_word' id='word_1_122' title='bbox 292 1798 371 1848; x_wconf 87' lang='lat' dir='ltr'><strong>Vilior</strong></span> <span class='ocrx_word' id='word_1_123' title='bbox 392 1800 424 1849; x_wconf 85' lang='lat' dir='ltr'><strong>est</strong></span> <span class='ocrx_word' id='word_1_124' title='bbox 438 1802 515 1865; x_wconf 86' lang='lat' dir='ltr'><strong>operis</strong></span> <span class='ocrx_word' id='word_1_125' title='bbox 536 1800 602 1851; x_wconf 80' lang='lat' dir='ltr'><strong>fama</strong></span> <span class='ocrx_word' id='word_1_126' title='bbox 615 1798 690 1849; x_wconf 84' lang='lat' dir='ltr'><strong>salute</strong></span> <span class='ocrx_word' id='word_1_127' title='bbox 705 1797 769 1846; x_wconf 66' lang='lat' dir='ltr'><strong>mei.</strong></span> 
     </span>
     <span class='ocr_line' id='line_1_20' title="bbox 266 1873 947 1944; baseline -0.004 -19"><span class='ocrx_word' id='word_1_128' title='bbox 266 1876 377 1943; x_wconf 89' lang='lat' dir='ltr'><strong>Denique</strong></span> <span class='ocrx_word' id='word_1_129' title='bbox 397 1882 522 1939; x_wconf 68' lang='lat' dir='ltr'><strong>materie,</strong></span> <span class='ocrx_word' id='word_1_130' title='bbox 541 1894 614 1944; x_wconf 86' lang='lat' dir='ltr'><strong>quam</strong></span> <span class='ocrx_word' id='word_1_131' title='bbox 633 1880 685 1943; x_wconf 85' lang='lat' dir='ltr'><strong>quir</strong></span> <span class='ocrx_word' id='word_1_132' title='bbox 705 1878 750 1926; x_wconf 88' lang='lat' dir='ltr'><strong>tibi</strong></span> <span class='ocrx_word' id='word_1_133' title='bbox 771 1873 866 1924; x_wconf 82' lang='lat' dir='ltr'><strong>finxerit</strong></span> <span class='ocrx_word' id='word_1_134' title='bbox 881 1875 947 1938; x_wconf 76' lang='lat' dir='ltr'><strong>ipse,</strong></span> 
     </span>
    </p>
   </div>
   <div class='ocr_carea' id='block_1_4' title="bbox 219 1953 982 2639">
    <p class='ocr_par' dir='ltr' id='par_1_4' title="bbox 219 1953 982 2639">
     <span class='ocr_line' id='line_1_21' title="bbox 298 1953 746 2021; baseline 0 -20"><span class='ocrx_word' id='word_1_135' title='bbox 298 1953 404 2003; x_wconf 77' lang='lat' dir='ltr'><strong>Arbitrio</strong></span> <span class='ocrx_word' id='word_1_136' title='bbox 420 1959 496 2005; x_wconf 83' lang='lat' dir='ltr'><strong>variat</strong></span> <span class='ocrx_word' id='word_1_137' title='bbox 514 1957 592 2005; x_wconf 84' lang='lat' dir='ltr'><strong>multa</strong></span> <span class='ocrx_word' id='word_1_138' title='bbox 608 1961 679 2021; x_wconf 84' lang='lat' dir='ltr'><strong>po&#39;e&#39;ta</strong></span> <span class='ocrx_word' id='word_1_139' title='bbox 694 1955 746 2003; x_wconf 89' lang='lat' dir='ltr'><strong>suo.</strong></span> 
     </span>
     <span class='ocr_line' id='line_1_22' title="bbox 265 2026 982 2098; baseline -0.004 -20"><span class='ocrx_word' id='word_1_140' title='bbox 265 2030 334 2079; x_wconf 77' lang='lat' dir='ltr'><strong>truse</strong></span> <span class='ocrx_word' id='word_1_141' title='bbox 345 2048 399 2081; x_wconf 86' lang='lat' dir='ltr'><strong>mea</strong></span> <span class='ocrx_word' id='word_1_142' title='bbox 416 2032 448 2081; x_wconf 84' lang='lat' dir='ltr'><strong>est</strong></span> <span class='ocrx_word' id='word_1_143' title='bbox 457 2031 528 2083; x_wconf 85' lang='lat' dir='ltr'><strong>index</strong></span> <span class='ocrx_word' id='word_1_144' title='bbox 545 2035 649 2082; x_wconf 86' lang='lat' dir='ltr'><strong>nimium</strong></span> <span class='ocrx_word' id='word_1_145' title='bbox 661 2047 758 2098; x_wconf 88' lang='lat' dir='ltr'><strong>quoquc</strong></span> <span class='ocrx_word' id='word_1_146' title='bbox 774 2045 830 2079; x_wconf 82' lang='lat' dir='ltr'><strong>veta</strong></span> <span class='ocrx_word' id='word_1_147' title='bbox 843 2026 982 2081; x_wconf 84' lang='lat' dir='ltr'><strong>malorum.</strong></span> 
     </span>
     <span class='ocr_line' id='line_1_23' title="bbox 219 2106 835 2175; baseline -0.003 -20"><span class='ocrx_word' id='word_1_148' title='bbox 219 2126 249 2174; x_wconf 84' lang='lat'><strong>50</strong></span> <span class='ocrx_word' id='word_1_149' title='bbox 298 2106 376 2173; x_wconf 81' lang='lat' dir='ltr'><strong>Atque</strong></span> <span class='ocrx_word' id='word_1_150' title='bbox 392 2112 535 2175; x_wconf 70' lang='lat' dir='ltr'><strong>incorrupte</strong></span> <span class='ocrx_word' id='word_1_151' title='bbox 553 2107 659 2174; x_wconf 77' lang='lat' dir='ltr'><strong>pondera</strong></span> <span class='ocrx_word' id='word_1_152' title='bbox 675 2108 737 2156; x_wconf 77' lang='lat' dir='ltr'><strong>restis</strong></span> <span class='ocrx_word' id='word_1_153' title='bbox 754 2107 835 2157; x_wconf 86' lang='lat' dir='ltr'><strong>habet.</strong></span> 
     </span>
     <span class='ocr_line' id='line_1_24' title="bbox 264 2182 917 2251; baseline -0.003 -18"><span class='ocrx_word' id='word_1_154' title='bbox 264 2182 316 2233; x_wconf 90' lang='lat' dir='ltr'><strong>Nec</strong></span> <span class='ocrx_word' id='word_1_155' title='bbox 333 2184 391 2235; x_wconf 87' lang='lat' dir='ltr'><strong>libet</strong></span> <span class='ocrx_word' id='word_1_156' title='bbox 410 2201 436 2235; x_wconf 90' lang='lat' dir='ltr'><strong>ut</strong></span> <span class='ocrx_word' id='word_1_157' title='bbox 452 2186 535 2247; x_wconf 84' lang='lat' dir='ltr'><strong>fieret,</strong></span> <span class='ocrx_word' id='word_1_158' title='bbox 553 2184 594 2236; x_wconf 91' lang='lat' dir='ltr'><strong>sed</strong></span> <span class='ocrx_word' id='word_1_159' title='bbox 612 2189 647 2235; x_wconf 88' lang='lat' dir='ltr'><strong>uti</strong></span> <span class='ocrx_word' id='word_1_160' title='bbox 665 2188 706 2235; x_wconf 87' lang='lat' dir='ltr'><strong>sua</strong></span> <span class='ocrx_word' id='word_1_161' title='bbox 721 2188 807 2251; x_wconf 89' lang='lat' dir='ltr'><strong>cuique</strong></span> <span class='ocrx_word' id='word_1_162' title='bbox 820 2182 917 2233; x_wconf 83' lang='lat' dir='ltr'><strong>daretur</strong></span> 
     </span>
     <span class='ocr_line' id='line_1_25' title="bbox 297 2261 853 2331; baseline -0.004 -20"><span class='ocrx_word' id='word_1_163' title='bbox 297 2262 392 2319; x_wconf 81' lang='lat' dir='ltr'><strong>Liteta,</strong></span> <span class='ocrx_word' id='word_1_164' title='bbox 408 2268 558 2330; x_wconf 83' lang='lat' dir='ltr'><strong>propositum</strong></span> <span class='ocrx_word' id='word_1_165' title='bbox 576 2280 679 2331; x_wconf 88' lang='lat' dir='ltr'><strong>curaque</strong></span> <span class='ocrx_word' id='word_1_166' title='bbox 699 2264 778 2313; x_wconf 80' lang='lat' dir='ltr'><strong>nostra</strong></span> <span class='ocrx_word' id='word_1_167' title='bbox 798 2261 853 2311; x_wconf 83' lang='lat' dir='ltr'><strong>fuit.</strong></span> 
     </span>
     <span class='ocr_line' id='line_1_26' title="bbox 264 2336 982 2407; baseline 0 -18"><span class='ocrx_word' id='word_1_168' title='bbox 264 2340 394 2392; x_wconf 86' lang='lat' dir='ltr'><strong>Postmodo</strong></span> <span class='ocrx_word' id='word_1_169' title='bbox 410 2342 541 2404; x_wconf 67' lang='lat' dir='ltr'><strong>collestu,</strong></span> <span class='ocrx_word' id='word_1_170' title='bbox 559 2358 689 2407; x_wconf 87' lang='lat' dir='ltr'><strong>utcumque</strong></span> <span class='ocrx_word' id='word_1_171' title='bbox 704 2344 754 2390; x_wconf 78' lang='lat' dir='ltr'><strong>sine</strong></span> <span class='ocrx_word' id='word_1_172' title='bbox 770 2336 873 2399; x_wconf 86' lang='lat' dir='ltr'><strong>ordine,</strong></span> <span class='ocrx_word' id='word_1_173' title='bbox 887 2342 958 2406; x_wconf 80' lang='lat' dir='ltr'><strong>junxi</strong></span> <span class='ocrx_word' id='word_1_174' title='bbox 973 2358 982 2389; x_wconf 78' lang='lat' dir='ltr'><strong>e</strong></span> 
     </span>
     <span class='ocr_line' id='line_1_27' title="bbox 298 2417 845 2485; baseline -0.005 -17"><span class='ocrx_word' id='word_1_175' title='bbox 298 2418 351 2469; x_wconf 92' lang='lat' dir='ltr'><strong>Hoc</strong></span> <span class='ocrx_word' id='word_1_176' title='bbox 368 2436 428 2485; x_wconf 75' lang='lat' dir='ltr'><strong>opus</strong></span> <span class='ocrx_word' id='word_1_177' title='bbox 445 2420 545 2471; x_wconf 69' lang='lat' dir='ltr'><strong>elediutn</strong></span> <span class='ocrx_word' id='word_1_178' title='bbox 561 2437 591 2471; x_wconf 87' lang='lat' dir='ltr'><strong>ne</strong></span> <span class='ocrx_word' id='word_1_179' title='bbox 609 2423 670 2469; x_wconf 87' lang='lat' dir='ltr'><strong>mihi</strong></span> <span class='ocrx_word' id='word_1_180' title='bbox 691 2417 753 2469; x_wconf 71' lang='lat' dir='ltr'><strong>fortd</strong></span> <span class='ocrx_word' id='word_1_181' title='bbox 767 2432 845 2483; x_wconf 82' lang='lat' dir='ltr'><strong>putes.</strong></span> 
     </span>
     <span class='ocr_line' id='line_1_28' title="bbox 219 2494 899 2563; baseline -0.003 -18"><span class='ocrx_word' id='word_1_182' title='bbox 219 2505 246 2553; x_wconf 89' lang='lat'><strong>55</strong></span> <span class='ocrx_word' id='word_1_183' title='bbox 267 2495 304 2545; x_wconf 79' lang='lat' dir='ltr'><strong>Da</strong></span> <span class='ocrx_word' id='word_1_184' title='bbox 315 2499 409 2545; x_wconf 81' lang='lat' dir='ltr'><strong>veniam</strong></span> <span class='ocrx_word' id='word_1_185' title='bbox 421 2498 527 2562; x_wconf 81' lang='lat' dir='ltr'><strong>scriptis,</strong></span> <span class='ocrx_word' id='word_1_186' title='bbox 543 2513 647 2563; x_wconf 88' lang='lat' dir='ltr'><strong>quorum</strong></span> <span class='ocrx_word' id='word_1_187' title='bbox 665 2512 714 2546; x_wconf 90' lang='lat' dir='ltr'><strong>non</strong></span> <span class='ocrx_word' id='word_1_188' title='bbox 734 2495 811 2560; x_wconf 83' lang='lat' dir='ltr'><strong>gloria</strong></span> <span class='ocrx_word' id='word_1_189' title='bbox 827 2494 899 2543; x_wconf 75' lang='lat' dir='ltr'><strong>nobis</strong></span> 
     </span>
     <span class='ocr_line' id='line_1_29' title="bbox 299 2571 838 2639; baseline -0.006 -16"><span class='ocrx_word' id='word_1_190' title='bbox 299 2572 397 2636; x_wconf 86' lang='lat' dir='ltr'><strong>Causa,</strong></span> <span class='ocrx_word' id='word_1_191' title='bbox 418 2572 460 2625; x_wconf 83' lang='lat' dir='ltr'><strong>sed</strong></span> <span class='ocrx_word' id='word_1_192' title='bbox 475 2574 565 2625; x_wconf 79' lang='lat' dir='ltr'><strong>utilitas</strong></span> <span class='ocrx_word' id='word_1_193' title='bbox 584 2572 760 2639; x_wconf 82' lang='lat' dir='ltr'><strong>officiumque,</strong></span> <span class='ocrx_word' id='word_1_194' title='bbox 782 2571 838 2621; x_wconf 77' lang='lat' dir='ltr'><strong>fuit.</strong></span> 
     </span>
    </p>
   </div>
   <div class='ocr_carea' id='block_1_5' title="bbox 0 0 1172 3917">
    <p class='ocr_par' dir='ltr' id='par_1_5' title="bbox 0 0 1172 3917">
     <span class='ocr_line' id='line_1_30' title="bbox 0 0 1172 3917; baseline 0 2"><span class='ocrx_word' id='word_1_195' title='bbox 0 0 1172 3917; x_wconf 95' lang='lat' dir='ltr'><strong> </strong></span> 
     </span>
    </p>
   </div>
  </div>
 </body>
</html>
