2334 3917
521 1462 986 1657 ovum
1058 1566 1669 1658 NASONIS

420 1756 699 1876 ΡΑ
765 1761 843 1877 S
887 1759 1002 1877 T
1065 1757 1200 1889 O
1244 1758 1559 1879 RU
1603 1751 1774 1870 M

595 1947 988 2047 zIB'ER
1081 1972 1605 2045 PRIMUS.

390 2078 589 2199 Tim
603 2166 632 2200 ι»
644 2166 677 2201 ο
695 2168 731 2202 ι
745 2167 777 2201 Α
799 2168 910 2203 cum
931 2155 1081 2202 causis
1101 2152 1292 2202 Latium
1318 2150 1494 2217 digesta
1504 2163 1591 2216 per
1606 2161 1804 2208 annum,

451 2228 692 2295 Lapsaque
724 2231 808 2279 sub
829 2245 972 2280 terras
989 2266 1006 2291 ,
1044 2245 1245 2296 ortaque
1262 2233 1397 2295 signa
1414 2264 1431 2288 ,
1455 2243 1647 2277 canam.
1781 2237 1788 2242 ·

384 2305 561 2372 Excipe
591 2323 782 2373 pacatos
807 2308 970 2359 Caesar
989 2309 1275 2359 Germanice
1292 2344 1306 2362 ,
1326 2306 1468 2357 vultu

451 2386 571 2434 Hoc,
586 2403 708 2451 opus
726 2405 743 2434 τ
767 2390 816 2437 δε
849 2386 1032 2436 rimidae
1048 2386 1201 2451 dirige
1224 2389 1355 2435 navis
1374 2388 1483 2434 iter.

385 2462 642 2531 officiique
663 2463 816 2515 levem
839 2481 938 2514 non
954 2465 1189 2514 aversatus
1205 2466 1440 2513 honorem
1458 2497 1477 2525 ,
1847 2472 1869 2519 ς

451 2544 528 2592 En
564 2545 653 2592 tibi
682 2541 862 2593 devoto
882 2560 1078 2593 munere
1099 2542 1264 2593 dexter
1284 2540 1413 2591 ades.

381 2625 526 2673 Sacra
547 2623 854 2687 recognosces
877 2622 1123 2671 annalibus
1146 2636 1278 2670 eruta
1299 2620 1460 2684 priscis
1483 2634 1501 2677 3

448 2703 514 2752 Et
536 2716 636 2767 quo
667 2704 728 2749 sit
748 2702 921 2749 merito
937 2716 1137 2766 quaeque
1158 2711 1326 2749 notata
1346 2695 1467 2746 dies.

382 2779 602 2829 Invenies
631 2778 733 2827 illic
765 2782 814 2828 δι
833 2778 951 2829 festa
969 2776 1229 2828 domestica
1251 2776 1419 2825 vobis:

451 2860 583 2921 Saepe
604 2858 693 2906 tibi
713 2871 844 2922 pater
865 2849 930 2905 est
949 2891 966 2915 ,
987 2857 1106 2921 saepe
1126 2853 1355 2922 legendus
1374 2866 1504 2902 avus.
1850 2851 1909 2885 ¹⁰

386 2935 604 2999 Quaeque
625 2933 783 2984 ferunt
800 2934 904 2990 illi,
935 2936 1083 2999 pieros
1102 2934 1336 2999 signantia
1358 2931 1513 2980 Fastos
1533 2962 1551 2988 ,

451 3013 533 3060 Tu
563 3028 757 3077 quoque
784 3029 894 3061 cum
918 3011 1077 3061 Druso
1098 3014 1289 3077 praemia
1311 3010 1453 3059 fratre
1477 3007 1616 3056 feres.

275 3147 281 3155 ,
385 3086 590 3141 Caesaris
620 3106 751 3140 arma
775 3106 949 3143 canant
969 3091 1077 3153 alii,
1104 3107 1192 3140 nos
1215 3089 1411 3142 cesaris
1435 3101 1567 3136 arasa
