2334 3917
307 406 573 474 TulsrstJM'
595 397 694 464 ltu.
730 389 797 463 IV.
851 415 914 481 23¹

239 527 347 576 Stamina
358 522 386 574 de
396 525 467 587 nigro
475 519 562 571 vellere
574 517 634 566 fabia
646 517 714 565 mihi.

206 603 289 668 thue
299 618 343 651 nec
357 598 469 658 insidias,
488 600 618 662 capitisque
632 593 736 659 pericula
748 607 860 652 narrem,
937 605 967 659 tq
1016 657 1020 666 ι

241 683 303 729 Vera
317 678 430 745 quidem,
448 675 505 725 veri
519 672 560 723 sed
572 675 681 737 graviora
696 668 757 728 fide3

207 760 295 809 Vivere
310 757 384 824 quim
397 756 509 804 miserum
521 752 553 801 est
562 755 624 800 inter
634 745 760 812 Beffotque
770 747 889 812 Getasque

242 837 301 896 lili,
323 837 364 900 qui
381 832 465 899 populi
477 833 567 894 semper
578 833 604 877 in
615 845 656 876 ote
668 827 713 874 fuit
725 827 732 874 i

210 914 291 975 Quim
302 914 433 968 miserum,
452 909 522 974 porti
538 911 614 955 vitam
630 919 746 969 muroque
764 903 842 960 tueri,

244 992 336 1054 Vixque
348 989 383 1034 iui
400 1000 478 1034 tutum
488 985 577 1032 vitibus
593 979 639 1030 eise
650 981 715 1029 iocii
825 1015 826 1019 ,
939 1009 973 1053 70

208 1069 296 1132 Aspera
311 1065 404 1114 miiitiae
415 1064 507 1128 juvenis
518 1064 648 1134 ceptamina
659 1058 728 1121 iugi,

244 1145 296 1193 Nec
315 1146 360 1191 niti
373 1140 451 1189 lusuti
461 1142 581 1188 movimus
592 1153 657 1186 arma
668 1151 748 1184 uranu.

210 1223 283 1274 Nunc
300 1223 377 1269 senior
396 1216 524 1283 gladioque
537 1215 614 1274 latus,
632 1217 745 1279 scutoque
760 1210 890 1270 sinistram,

244 1299 366 1349 Canitiem
379 1296 451 1360 galee
464 1297 611 1359 subjicioque
622 1309 710 1342 meam.

209 1378 275 1427 Nam
292 1372 378 1424 dedite
389 1373 484 1439 speculi
497 1374 573 1421 custos
582 1374 623 1420 ubi
638 1375 703 1436 signa
715 1367 849 1429 tumuititt,
939 1389 969 1438 75

245 1450 369 1500 luduimut
381 1447 473 1514 trepidi
484 1452 592 1512 protinus
604 1465 668 1496 arma
679 1464 760 1496 manu.

210 1529 310 1585 Hostis,
326 1528 413 1576 habens
422 1542 502 1583 arcus,
518 1528 656 1591 imbutaque
673 1527 720 1575 tela
732 1541 841 1586 veneno,

244 1610 322 1654 Saevus
331 1606 450 1654 anhelanti
462 1607 552 1654 moenia
565 1604 646 1652 lustrat
657 1621 728 1669 equo.

210 1685 292 1749 thue
309 1700 380 1747 rapax
392 1681 524 1747 pecudem,
543 1697 595 1746 quae
611 1684 634 1730 se
644 1697 693 1730 non
705 1685 762 1730 texit
776 1681 835 1729 ovili
851 1713 860 1740 ‚

245 1763 287 1809 Per
301 1762 349 1809 sata
360 1794 368 1818 ‚
381 1777 421 1824 per
432 1759 502 1807 silvas
515 1792 522 1817 ,
536 1759 629 1824 fertque
642 1761 760 1824 trahitque
772 1758 856 1822 lupus,
941 1765 974 1814 80

211 1841 264 1893 Sic,
277 1841 379 1904 siquem
397 1835 506 1886 nondum
518 1852 640 1901 portarum
652 1838 704 1900 sepe
719 1851 840 1900 receptum

244 1917 358 1965 Barbarus
370 1918 395 1963 in
407 1918 496 1979 campis
507 1918 595 1979 repetit
606 1914 692 1969 hostis,
708 1918 765 1980 agit.

211 1995 260 2042 Aut
272 1995 376 2058 sequitur
391 2009 490 2057 captus,
503 1995 657 2057 tonjebiaque
672 1992 768 2042 vincula
779 1992 845 2042 eollo

245 2074 353 2135 Accipit3
366 2085 407 2119 aut
418 2071 468 2119 teio
479 2075 543 2118 vitus
557 2071 660 2128 habente
671 2069 743 2120 cadit.

211 2145 259 2195 Hic
272 2145 420 2210 egosolicitae
430 2149 497 2209 jaceo
510 2161 585 2194 novur
595 2145 675 2193 incola
686 2142 754 2194 sedit.
942 2149 972 2209 85

244 2223 313 2272 Heu!
333 2223 436 2272 nimium
448 2223 689 2288 fatitemporalonga
700 2222 764 2292 mei!
987 2225 989 2227 ’

211 2301 244 2349 Et
258 2315 338 2349 tamen
349 2299 380 2349 ad
390 2318 501 2351 numeros
514 2306 658 2366 antiquaque
671 2304 733 2349 sacra
743 2300 829 2350 reverti

246 2379 347 2428 Sustinet
357 2382 382 2427 in
396 2383 467 2427 tantis
477 2381 571 2444 hospita
579 2380 649 2427 Musa
657 2378 735 2426 malis.

212 2454 360 2521 Sedneq3cui
370 2458 467 2505 recitem
478 2460 604 2521 quisquam
612 2456 645 2504 est
651 2458 825 2515 meaearmina3
832 2471 875 2504 net
884 2457 924 2520 qui

239 2537 339 2582 Auribus
351 2538 451 2599 accipiat
461 2537 531 2582 verba
542 2535 627 2582 Latina
638 2535 693 2583 suis.
943 2553 976 2596 90

212 2612 264 2676 lpse
275 2614 335 2661 mihi
345 2648 354 2673 ‚
364 2612 423 2678 quid
437 2616 501 2661 enim
517 2612 605 2661 faciam
617 2615 625 2660 i
640 2613 764 2678 scriboque
774 2611 891 2678 legeque:

246 2689 357 2756 Tutaque
370 2688 464 2758 judicio
475 2691 543 2739 litera
553 2690 632 2739 nostra
639 2692 681 2739 suo
696 2691 737 2738 eii.

212 2769 277 2832 Saepe
289 2783 370 2817 tamen
381 2767 446 2824 dixi.
460 2767 509 2818 Cui
516 2783 580 2817 nnnc
591 2771 642 2816 hae
650 2783 705 2816 cura
719 2767 828 2817 laborati

245 2849 283 2895 An
297 2863 350 2895 mea
364 2849 509 2896 Sauromata
521 2846 727 2911 scriptaGeteque
737 2845 816 2910 legent
828 2847 837 2895 i

212 2923 278 2987 Saepe
288 2926 361 2972 etiam
371 2923 482 2984 lacrymae
493 2939 531 2970 me
540 2925 595 2970 sunt
606 2923 721 2971 scribente
729 2922 843 2987 profusa,
945 2936 973 2985 95

247 2999 400 3064 Humidaque
413 3000 445 3049 eii
457 2999 513 3049 fletu
527 3000 593 3048 litera
606 2999 665 3048 saiia
675 3017 739 3049 meo.

215 3075 314 3144 Corque
325 3079 415 3129 vetusta
422 3095 503 3128 meum
509 3113 518 3141 ‚
530 3093 653 3144 tamquam
664 3095 736 3141 uota,
743 3078 841 3132 vulnera
846 3080 929 3139 sentit,
939 3147 944 3153 .
