<?xml version="1.0" encoding="UTF-8"?>
<!DOCTYPE html PUBLIC "-//W3C//DTD XHTML 1.0 Transitional//EN"
    "http://www.w3.org/TR/xhtml1/DTD/xhtml1-transitional.dtd">
<html xmlns="http://www.w3.org/1999/xhtml" xml:lang="en" lang="en">
 <head>
  <title>
</title>
<meta http-equiv="Content-Type" content="text/html;charset=utf-8" />
  <meta name='ocr-system' content='tesseract 3.04.00' />
  <meta name='ocr-capabilities' content='ocr_page ocr_carea ocr_par ocr_line ocrx_word'/>
</head>
<body>
  <div class='ocr_page' id='page_1' title='image "./povidiinasoniso05ovidgoog_0207.png"; bbox 0 0 2334 3917; ppageno 0'>
   <div class='ocr_carea' id='block_1_1' title="bbox 324 435 930 520">
    <p class='ocr_par' dir='ltr' id='par_1_1' title="bbox 324 435 930 520">
     <span class='ocr_line' id='line_1_1' title="bbox 324 435 930 520; baseline -0.017 -11"><span class='ocrx_word' id='word_1_1' title='bbox 324 438 611 509; x_wconf 73' lang='lat' dir='ltr'>Tursrrusr</span> <span class='ocrx_word' id='word_1_2' title='bbox 637 435 740 502; x_wconf 79' lang='lat' dir='ltr'>Lru.</span> <span class='ocrx_word' id='word_1_3' title='bbox 765 435 816 501; x_wconf 87' lang='grc' dir='ltr'>ΙΙ.</span> <span class='ocrx_word' id='word_1_4' title='bbox 866 443 930 520; x_wconf 82' lang='lat'>197·</span> 
     </span>
    </p>
   </div>
   <div class='ocr_carea' id='block_1_2' title="bbox 217 539 978 697">
    <p class='ocr_par' dir='ltr' id='par_1_2' title="bbox 217 539 978 697">
     <span class='ocr_line' id='line_1_2' title="bbox 217 539 978 628; baseline -0.011 -17"><span class='ocrx_word' id='word_1_5' title='bbox 217 556 354 628; x_wconf 84' lang='lat' dir='ltr'>Magnaque</span> <span class='ocrx_word' id='word_1_6' title='bbox 365 575 417 626; x_wconf 84' lang='lat' dir='ltr'>pars</span> <span class='ocrx_word' id='word_1_7' title='bbox 428 574 528 625; x_wconf 88' lang='lat' dir='ltr'>operum</span> <span class='ocrx_word' id='word_1_8' title='bbox 539 592 547 619; x_wconf 93' lang='lat'>,</span> <span class='ocrx_word' id='word_1_9' title='bbox 560 555 696 607; x_wconf 78' lang='lat' dir='ltr'>mendax&amp;</span> <span class='ocrx_word' id='word_1_10' title='bbox 707 554 778 617; x_wconf 68' lang='lat' dir='ltr'>fidia,</span> <span class='ocrx_word' id='word_1_11' title='bbox 790 570 899 604; x_wconf 87' lang='lat' dir='ltr'>meorum</span> <span class='ocrx_word' id='word_1_12' title='bbox 937 539 978 603; x_wconf 74' lang='lat' dir='ltr'>iii</span> 
     </span>
     <span class='ocr_line' id='line_1_3' title="bbox 251 632 727 697; baseline -0.004 -16"><span class='ocrx_word' id='word_1_13' title='bbox 251 634 307 682; x_wconf 80' lang='lat' dir='ltr'>Plus</span> <span class='ocrx_word' id='word_1_14' title='bbox 322 636 366 683; x_wconf 79' lang='lat' dir='ltr'>sibi</span> <span class='ocrx_word' id='word_1_15' title='bbox 378 634 485 697; x_wconf 76' lang='lat' dir='ltr'>permisit</span> <span class='ocrx_word' id='word_1_16' title='bbox 499 634 661 695; x_wconf 83' lang='lat' dir='ltr'>compositore</span> <span class='ocrx_word' id='word_1_17' title='bbox 676 632 727 679; x_wconf 89' lang='lat' dir='ltr'>suo.</span> 
     </span>
    </p>
   </div>
   <div class='ocr_carea' id='block_1_3' title="bbox 216 706 980 1165">
    <p class='ocr_par' dir='ltr' id='par_1_3' title="bbox 216 706 980 1165">
     <span class='ocr_line' id='line_1_4' title="bbox 217 706 914 771; baseline -0.01 -11"><span class='ocrx_word' id='word_1_18' title='bbox 217 708 269 761; x_wconf 89' lang='lat' dir='ltr'>Nec</span> <span class='ocrx_word' id='word_1_19' title='bbox 282 710 341 760; x_wconf 87' lang='lat' dir='ltr'>liber</span> <span class='ocrx_word' id='word_1_20' title='bbox 352 709 469 760; x_wconf 83' lang='lat' dir='ltr'>indicium</span> <span class='ocrx_word' id='word_1_21' title='bbox 482 709 513 757; x_wconf 86' lang='lat' dir='ltr'>est</span> <span class='ocrx_word' id='word_1_22' title='bbox 524 711 616 769; x_wconf 88' lang='lat' dir='ltr'>animi,</span> <span class='ocrx_word' id='word_1_23' title='bbox 632 706 673 757; x_wconf 86' lang='lat' dir='ltr'>sed</span> <span class='ocrx_word' id='word_1_24' title='bbox 684 706 779 756; x_wconf 74' lang='lat' dir='ltr'>honesta</span> <span class='ocrx_word' id='word_1_25' title='bbox 787 706 914 771; x_wconf 66' lang='lat' dir='ltr'>voluptas,</span> 
     </span>
     <span class='ocr_line' id='line_1_5' title="bbox 250 783 771 849; baseline -0.013 -11"><span class='ocrx_word' id='word_1_26' title='bbox 250 789 356 838; x_wconf 84' lang='lat' dir='ltr'>Plurima</span> <span class='ocrx_word' id='word_1_27' title='bbox 368 785 502 837; x_wconf 81' lang='lat' dir='ltr'>mulcendis</span> <span class='ocrx_word' id='word_1_28' title='bbox 514 786 609 835; x_wconf 85' lang='lat' dir='ltr'>auribus</span> <span class='ocrx_word' id='word_1_29' title='bbox 620 800 675 849; x_wconf 80' lang='lat' dir='ltr'>apta</span> <span class='ocrx_word' id='word_1_30' title='bbox 685 783 771 833; x_wconf 84' lang='lat' dir='ltr'>ferens.</span> 
     </span>
     <span class='ocr_line' id='line_1_6' title="bbox 217 859 819 926; baseline -0.012 -10"><span class='ocrx_word' id='word_1_31' title='bbox 217 867 303 916; x_wconf 76' lang='lat' dir='ltr'>Actius</span> <span class='ocrx_word' id='word_1_32' title='bbox 320 862 378 915; x_wconf 83' lang='lat' dir='ltr'>effer</span> <span class='ocrx_word' id='word_1_33' title='bbox 394 881 478 926; x_wconf 83' lang='lat' dir='ltr'>atrox,</span> <span class='ocrx_word' id='word_1_34' title='bbox 494 866 597 915; x_wconf 85' lang='lat' dir='ltr'>conviva</span> <span class='ocrx_word' id='word_1_35' title='bbox 605 863 731 913; x_wconf 87' lang='lat' dir='ltr'>Terentius</span> <span class='ocrx_word' id='word_1_36' title='bbox 742 859 819 919; x_wconf 84' lang='lat' dir='ltr'>eilet,</span> 
     </span>
     <span class='ocr_line' id='line_1_7' title="bbox 248 940 980 1010; baseline -0.004 -17"><span class='ocrx_word' id='word_1_37' title='bbox 248 942 330 995; x_wconf 83' lang='lat' dir='ltr'>Eileut</span> <span class='ocrx_word' id='word_1_38' title='bbox 338 960 474 1010; x_wconf 83' lang='lat' dir='ltr'>pugnaces,</span> <span class='ocrx_word' id='word_1_39' title='bbox 485 946 528 1009; x_wconf 88' lang='lat' dir='ltr'>qui</span> <span class='ocrx_word' id='word_1_40' title='bbox 539 942 590 991; x_wconf 84' lang='lat' dir='ltr'>fera</span> <span class='ocrx_word' id='word_1_41' title='bbox 598 940 661 990; x_wconf 84' lang='lat' dir='ltr'>bella</span> <span class='ocrx_word' id='word_1_42' title='bbox 670 956 767 989; x_wconf 82' lang='lat' dir='ltr'>canunt.</span> <span class='ocrx_word' id='word_1_43' title='bbox 934 949 980 1002; x_wconf 74' lang='lat'>3⁶⁰</span> 
     </span>
     <span class='ocr_line' id='line_1_8' title="bbox 216 1017 817 1089; baseline -0.012 -17"><span class='ocrx_word' id='word_1_44' title='bbox 216 1022 326 1089; x_wconf 88' lang='lat' dir='ltr'>Denique</span> <span class='ocrx_word' id='word_1_45' title='bbox 336 1023 461 1087; x_wconf 85' lang='lat' dir='ltr'>composui</span> <span class='ocrx_word' id='word_1_46' title='bbox 472 1036 565 1070; x_wconf 87' lang='lat' dir='ltr'>teneros</span> <span class='ocrx_word' id='word_1_47' title='bbox 576 1035 627 1068; x_wconf 86' lang='lat' dir='ltr'>non</span> <span class='ocrx_word' id='word_1_48' title='bbox 637 1017 700 1068; x_wconf 78' lang='lat' dir='ltr'>solus</span> <span class='ocrx_word' id='word_1_49' title='bbox 710 1032 817 1075; x_wconf 61' lang='lat' dir='ltr'>amorem</span> 
     </span>
     <span class='ocr_line' id='line_1_9' title="bbox 249 1094 730 1165; baseline -0.01 -15"><span class='ocrx_word' id='word_1_50' title='bbox 249 1099 395 1165; x_wconf 90' lang='lat' dir='ltr'>Composito</span> <span class='ocrx_word' id='word_1_51' title='bbox 405 1112 487 1165; x_wconf 76' lang='lat' dir='ltr'>ponas</span> <span class='ocrx_word' id='word_1_52' title='bbox 497 1098 562 1148; x_wconf 84' lang='lat' dir='ltr'>solus</span> <span class='ocrx_word' id='word_1_53' title='bbox 572 1112 654 1147; x_wconf 88' lang='lat' dir='ltr'>amore</span> <span class='ocrx_word' id='word_1_54' title='bbox 664 1094 730 1145; x_wconf 88' lang='lat' dir='ltr'>dedi.</span> 
     </span>
    </p>
   </div>
   <div class='ocr_carea' id='block_1_4' title="bbox 135 1171 880 1239">
    <p class='ocr_par' dir='ltr' id='par_1_4' title="bbox 135 1171 880 1239">
     <span class='ocr_line' id='line_1_10' title="bbox 135 1171 880 1239; baseline -0.012 -11"><span class='ocrx_word' id='word_1_55' title='bbox 135 1196 142 1209; x_wconf 93' lang='lat'><strong>·</strong></span> <span class='ocrx_word' id='word_1_56' title='bbox 216 1176 300 1239; x_wconf 84' lang='lat' dir='ltr'><strong>Quid,</strong></span> <span class='ocrx_word' id='word_1_57' title='bbox 311 1180 357 1226; x_wconf 87' lang='lat' dir='ltr'>nisi</span> <span class='ocrx_word' id='word_1_58' title='bbox 368 1193 423 1226; x_wconf 87' lang='lat' dir='ltr'>tum</span> <span class='ocrx_word' id='word_1_59' title='bbox 434 1176 513 1225; x_wconf 90' lang='lat' dir='ltr'>multo</span> <span class='ocrx_word' id='word_1_60' title='bbox 524 1175 643 1226; x_wconf 85' lang='lat' dir='ltr'>Venerem</span> <span class='ocrx_word' id='word_1_61' title='bbox 649 1171 796 1224; x_wconf 87' lang='lat' dir='ltr'>confundere</span> <span class='ocrx_word' id='word_1_62' title='bbox 806 1175 880 1230; x_wconf 88' lang='lat' dir='ltr'>vino,</span> 
     </span>
    </p>
   </div>
   <div class='ocr_carea' id='block_1_5' title="bbox 212 1254 978 2258">
    <p class='ocr_par' dir='ltr' id='par_1_5' title="bbox 212 1254 978 2258">
     <span class='ocr_line' id='line_1_11' title="bbox 248 1254 684 1321; baseline -0.005 -18"><span class='ocrx_word' id='word_1_63' title='bbox 248 1256 361 1321; x_wconf 81' lang='lat' dir='ltr'>Praecepit</span> <span class='ocrx_word' id='word_1_64' title='bbox 371 1256 448 1318; x_wconf 88' lang='lat' dir='ltr'>Lyrici</span> <span class='ocrx_word' id='word_1_65' title='bbox 458 1256 518 1304; x_wconf 86' lang='lat' dir='ltr'>Teia</span> <span class='ocrx_word' id='word_1_66' title='bbox 529 1254 600 1303; x_wconf 88' lang='lat' dir='ltr'>Musa</span> <span class='ocrx_word' id='word_1_67' title='bbox 607 1255 684 1303; x_wconf 69' lang='lat' dir='ltr'>senis?</span> 
     </span>
     <span class='ocr_line' id='line_1_12' title="bbox 214 1317 976 1399; baseline 0 -17"><span class='ocrx_word' id='word_1_68' title='bbox 214 1332 299 1383; x_wconf 84' lang='lat' dir='ltr'>Lesbia</span> <span class='ocrx_word' id='word_1_69' title='bbox 308 1331 368 1399; x_wconf 89' lang='lat' dir='ltr'>quid</span> <span class='ocrx_word' id='word_1_70' title='bbox 378 1330 462 1382; x_wconf 90' lang='lat' dir='ltr'>docuit</span> <span class='ocrx_word' id='word_1_71' title='bbox 473 1334 585 1397; x_wconf 80' lang='lat' dir='ltr'>Sappho,</span> <span class='ocrx_word' id='word_1_72' title='bbox 597 1334 642 1381; x_wconf 88' lang='lat' dir='ltr'>nisi</span> <span class='ocrx_word' id='word_1_73' title='bbox 653 1346 732 1382; x_wconf 86' lang='lat' dir='ltr'>amare</span> <span class='ocrx_word' id='word_1_74' title='bbox 742 1363 751 1390; x_wconf 87' lang='lat'>‚</span> <span class='ocrx_word' id='word_1_75' title='bbox 763 1317 872 1397; x_wconf 76' lang='lat' dir='ltr'>puellari</span> <span class='ocrx_word' id='word_1_76' title='bbox 932 1345 976 1398; x_wconf 58' lang='grc' dir='ltr'>,σς</span> 
     </span>
     <span class='ocr_line' id='line_1_13' title="bbox 247 1410 749 1476; baseline -0.006 -15"><span class='ocrx_word' id='word_1_77' title='bbox 247 1412 312 1461; x_wconf 86' lang='lat' dir='ltr'>Tuta</span> <span class='ocrx_word' id='word_1_78' title='bbox 322 1426 402 1461; x_wconf 87' lang='lat' dir='ltr'>tamen</span> <span class='ocrx_word' id='word_1_79' title='bbox 410 1411 520 1476; x_wconf 86' lang='lat' dir='ltr'>Sappho,</span> <span class='ocrx_word' id='word_1_80' title='bbox 533 1414 632 1461; x_wconf 82' lang='lat' dir='ltr'>tutus&amp;</span> <span class='ocrx_word' id='word_1_81' title='bbox 643 1410 684 1459; x_wconf 88' lang='lat' dir='ltr'>ille</span> <span class='ocrx_word' id='word_1_82' title='bbox 694 1410 749 1459; x_wconf 80' lang='lat' dir='ltr'>luit.</span> 
     </span>
     <span class='ocr_line' id='line_1_14' title="bbox 215 1486 849 1555; baseline -0.002 -17"><span class='ocrx_word' id='word_1_83' title='bbox 215 1486 267 1539; x_wconf 88' lang='lat' dir='ltr'>Nec</span> <span class='ocrx_word' id='word_1_84' title='bbox 283 1489 344 1549; x_wconf 90' lang='lat' dir='ltr'>tibi,</span> <span class='ocrx_word' id='word_1_85' title='bbox 361 1487 487 1548; x_wconf 87' lang='lat' dir='ltr'>Battiade‚</span> <span class='ocrx_word' id='word_1_86' title='bbox 499 1492 599 1551; x_wconf 88' lang='lat' dir='ltr'>nocuit,</span> <span class='ocrx_word' id='word_1_87' title='bbox 613 1486 680 1555; x_wconf 90' lang='lat' dir='ltr'>quod</span> <span class='ocrx_word' id='word_1_88' title='bbox 690 1490 749 1553; x_wconf 76' lang='lat' dir='ltr'>sape</span> <span class='ocrx_word' id='word_1_89' title='bbox 760 1486 849 1553; x_wconf 86' lang='lat' dir='ltr'>legenti</span> 
     </span>
     <span class='ocr_line' id='line_1_15' title="bbox 247 1563 683 1635; baseline 0.002 -21"><span class='ocrx_word' id='word_1_90' title='bbox 247 1566 351 1615; x_wconf 77' lang='lat' dir='ltr'>Delicias</span> <span class='ocrx_word' id='word_1_91' title='bbox 362 1568 429 1616; x_wconf 85' lang='lat' dir='ltr'>versu</span> <span class='ocrx_word' id='word_1_92' title='bbox 442 1563 513 1615; x_wconf 77' lang='lat' dir='ltr'>falsus</span> <span class='ocrx_word' id='word_1_93' title='bbox 525 1583 548 1616; x_wconf 90' lang='lat' dir='ltr'>es</span> <span class='ocrx_word' id='word_1_94' title='bbox 562 1568 612 1635; x_wconf 87' lang='lat' dir='ltr'>ipse</span> <span class='ocrx_word' id='word_1_95' title='bbox 623 1582 683 1616; x_wconf 88' lang='lat' dir='ltr'>tuas.</span> 
     </span>
     <span class='ocr_line' id='line_1_16' title="bbox 214 1642 832 1708; baseline 0 -16"><span class='ocrx_word' id='word_1_96' title='bbox 214 1643 303 1693; x_wconf 80' lang='lat' dir='ltr'>Fabula</span> <span class='ocrx_word' id='word_1_97' title='bbox 316 1642 414 1708; x_wconf 85' lang='lat' dir='ltr'>jucundi</span> <span class='ocrx_word' id='word_1_98' title='bbox 424 1644 492 1693; x_wconf 87' lang='lat' dir='ltr'>nulla</span> <span class='ocrx_word' id='word_1_99' title='bbox 501 1645 534 1694; x_wconf 85' lang='lat' dir='ltr'>eil</span> <span class='ocrx_word' id='word_1_100' title='bbox 543 1647 593 1694; x_wconf 87' lang='lat' dir='ltr'>sine</span> <span class='ocrx_word' id='word_1_101' title='bbox 601 1660 682 1694; x_wconf 84' lang='lat' dir='ltr'>amore</span> <span class='ocrx_word' id='word_1_102' title='bbox 689 1642 832 1694; x_wconf 80' lang='lat' dir='ltr'>Menandri:</span> 
     </span>
     <span class='ocr_line' id='line_1_17' title="bbox 246 1721 978 1789; baseline -0.003 -20"><span class='ocrx_word' id='word_1_103' title='bbox 246 1721 277 1771; x_wconf 85' lang='lat' dir='ltr'>Et</span> <span class='ocrx_word' id='word_1_104' title='bbox 289 1722 349 1771; x_wconf 88' lang='lat' dir='ltr'>solet</span> <span class='ocrx_word' id='word_1_105' title='bbox 360 1724 399 1771; x_wconf 88' lang='lat' dir='ltr'>hie</span> <span class='ocrx_word' id='word_1_106' title='bbox 410 1724 488 1787; x_wconf 87' lang='lat' dir='ltr'>pueris</span> <span class='ocrx_word' id='word_1_107' title='bbox 498 1725 678 1789; x_wconf 79' lang='lat' dir='ltr'>virginibusque</span> <span class='ocrx_word' id='word_1_108' title='bbox 689 1723 747 1787; x_wconf 86' lang='lat' dir='ltr'>legi.</span> <span class='ocrx_word' id='word_1_109' title='bbox 933 1723 978 1768; x_wconf 76' lang='lat'>370</span> 
     </span>
     <span class='ocr_line' id='line_1_18' title="bbox 213 1797 832 1867; baseline 0 -19"><span class='ocrx_word' id='word_1_110' title='bbox 213 1797 268 1849; x_wconf 82' lang='lat' dir='ltr'>ilias</span> <span class='ocrx_word' id='word_1_111' title='bbox 276 1800 326 1865; x_wconf 84' lang='lat' dir='ltr'>ipsa</span> <span class='ocrx_word' id='word_1_112' title='bbox 333 1798 393 1865; x_wconf 91' lang='lat' dir='ltr'>quid</span> <span class='ocrx_word' id='word_1_113' title='bbox 405 1800 451 1861; x_wconf 88' lang='lat' dir='ltr'>eil,</span> <span class='ocrx_word' id='word_1_114' title='bbox 462 1804 508 1849; x_wconf 88' lang='lat' dir='ltr'>nisi</span> <span class='ocrx_word' id='word_1_115' title='bbox 520 1803 594 1867; x_wconf 89' lang='lat' dir='ltr'>turpis</span> <span class='ocrx_word' id='word_1_116' title='bbox 606 1800 731 1860; x_wconf 87' lang='lat' dir='ltr'>adultera,</span> <span class='ocrx_word' id='word_1_117' title='bbox 745 1798 775 1848; x_wconf 90' lang='lat' dir='ltr'>de</span> <span class='ocrx_word' id='word_1_118' title='bbox 784 1814 832 1865; x_wconf 80' lang='lat' dir='ltr'>qua</span> 
     </span>
     <span class='ocr_line' id='line_1_19' title="bbox 246 1878 764 1945; baseline 0.004 -20"><span class='ocrx_word' id='word_1_119' title='bbox 246 1878 310 1928; x_wconf 90' lang='lat' dir='ltr'>Inter</span> <span class='ocrx_word' id='word_1_120' title='bbox 322 1893 454 1928; x_wconf 80' lang='lat' dir='ltr'>amatorem</span> <span class='ocrx_word' id='word_1_121' title='bbox 468 1895 546 1945; x_wconf 84' lang='lat' dir='ltr'>pugna</span> <span class='ocrx_word' id='word_1_122' title='bbox 560 1882 687 1944; x_wconf 86' lang='lat' dir='ltr'>virumque</span> <span class='ocrx_word' id='word_1_123' title='bbox 698 1878 764 1927; x_wconf 81' lang='lat' dir='ltr'>fuit?</span> 
     </span>
     <span class='ocr_line' id='line_1_20' title="bbox 215 1954 823 2023; baseline 0.003 -20"><span class='ocrx_word' id='word_1_124' title='bbox 215 1954 280 2017; x_wconf 89' lang='lat' dir='ltr'>Quid</span> <span class='ocrx_word' id='word_1_125' title='bbox 295 1958 359 2021; x_wconf 90' lang='lat' dir='ltr'>prius</span> <span class='ocrx_word' id='word_1_126' title='bbox 372 1957 404 2004; x_wconf 83' lang='lat' dir='ltr'>til</span> <span class='ocrx_word' id='word_1_127' title='bbox 413 1956 450 2005; x_wconf 95' lang='lat' dir='ltr'>illi</span> <span class='ocrx_word' id='word_1_128' title='bbox 463 1955 562 2007; x_wconf 80' lang='lat' dir='ltr'>flammai</span> <span class='ocrx_word' id='word_1_129' title='bbox 572 1954 738 2021; x_wconf 79' lang='lat' dir='ltr'>Chryseidos?</span> <span class='ocrx_word' id='word_1_130' title='bbox 751 1968 823 2023; x_wconf 87' lang='lat' dir='ltr'>utque</span> 
     </span>
     <span class='ocr_line' id='line_1_21' title="bbox 245 2034 687 2103; baseline 0.009 -22"><span class='ocrx_word' id='word_1_131' title='bbox 245 2034 337 2083; x_wconf 82' lang='lat' dir='ltr'>fecerit</span> <span class='ocrx_word' id='word_1_132' title='bbox 347 2036 419 2083; x_wconf 86' lang='lat' dir='ltr'>iratos</span> <span class='ocrx_word' id='word_1_133' title='bbox 428 2048 494 2103; x_wconf 69' lang='lat' dir='ltr'>eappa</span> <span class='ocrx_word' id='word_1_134' title='bbox 503 2035 584 2101; x_wconf 89' lang='lat' dir='ltr'>puella</span> <span class='ocrx_word' id='word_1_135' title='bbox 595 2034 667 2085; x_wconf 86' lang='lat' dir='ltr'>duces</span> <span class='ocrx_word' id='word_1_136' title='bbox 677 2038 687 2085; x_wconf 81' lang='lat' dir='ltr'>i</span> 
     </span>
     <span class='ocr_line' id='line_1_22' title="bbox 212 2109 977 2179; baseline 0.007 -17"><span class='ocrx_word' id='word_1_137' title='bbox 212 2112 261 2162; x_wconf 79' lang='lat' dir='ltr'>Aut</span> <span class='ocrx_word' id='word_1_138' title='bbox 270 2109 329 2177; x_wconf 87' lang='lat' dir='ltr'>quid</span> <span class='ocrx_word' id='word_1_139' title='bbox 338 2109 441 2173; x_wconf 72' lang='lat' dir='ltr'>OdylFea</span> <span class='ocrx_word' id='word_1_140' title='bbox 449 2112 495 2173; x_wconf 84' lang='lat' dir='ltr'>est,</span> <span class='ocrx_word' id='word_1_141' title='bbox 506 2116 551 2161; x_wconf 88' lang='lat' dir='ltr'>nisi</span> <span class='ocrx_word' id='word_1_142' title='bbox 563 2113 668 2172; x_wconf 83' lang='lat' dir='ltr'>femina,</span> <span class='ocrx_word' id='word_1_143' title='bbox 680 2127 776 2179; x_wconf 80' lang='lat' dir='ltr'>proptor</span> <span class='ocrx_word' id='word_1_144' title='bbox 786 2124 893 2165; x_wconf 78' lang='lat' dir='ltr'>amorem</span> <span class='ocrx_word' id='word_1_145' title='bbox 907 2151 914 2175; x_wconf 86' lang='lat'><strong>,</strong></span> <span class='ocrx_word' id='word_1_146' title='bbox 933 2120 977 2167; x_wconf 79' lang='lat'>³75</span> 
     </span>
     <span class='ocr_line' id='line_1_23' title="bbox 243 2188 790 2258; baseline 0.013 -21"><span class='ocrx_word' id='word_1_147' title='bbox 243 2188 311 2238; x_wconf 91' lang='lat' dir='ltr'>Dum</span> <span class='ocrx_word' id='word_1_148' title='bbox 323 2192 358 2238; x_wconf 86' lang='lat' dir='ltr'>vir</span> <span class='ocrx_word' id='word_1_149' title='bbox 366 2190 446 2250; x_wconf 87' lang='lat' dir='ltr'>abest,</span> <span class='ocrx_word' id='word_1_150' title='bbox 459 2192 541 2241; x_wconf 90' lang='lat' dir='ltr'>multis</span> <span class='ocrx_word' id='word_1_151' title='bbox 552 2208 598 2242; x_wconf 83' lang='lat' dir='ltr'>una</span> <span class='ocrx_word' id='word_1_152' title='bbox 609 2196 684 2258; x_wconf 86' lang='lat' dir='ltr'>petita</span> <span class='ocrx_word' id='word_1_153' title='bbox 694 2197 790 2258; x_wconf 81' lang='lat' dir='ltr'>procis?</span> 
     </span>
    </p>
   </div>
   <div class='ocr_carea' id='block_1_6' title="bbox 139 2266 902 2336">
    <p class='ocr_par' dir='ltr' id='par_1_6' title="bbox 139 2266 902 2336">
     <span class='ocr_line' id='line_1_24' title="bbox 139 2266 902 2336; baseline -0.003 -15"><span class='ocrx_word' id='word_1_154' title='bbox 139 2270 157 2321; x_wconf 59' lang='grc' dir='ltr'><strong>ζ</strong></span> <span class='ocrx_word' id='word_1_155' title='bbox 213 2266 272 2329; x_wconf 86' lang='lat' dir='ltr'>Quis</span> <span class='ocrx_word' id='word_1_156' title='bbox 283 2302 292 2328; x_wconf 88' lang='lat'>,</span> <span class='ocrx_word' id='word_1_157' title='bbox 309 2270 354 2317; x_wconf 90' lang='lat' dir='ltr'>nisi</span> <span class='ocrx_word' id='word_1_158' title='bbox 365 2267 511 2329; x_wconf 83' lang='lat' dir='ltr'>Maeonides‚</span> <span class='ocrx_word' id='word_1_159' title='bbox 524 2270 643 2321; x_wconf 83' lang='lat' dir='ltr'>Venerem</span> <span class='ocrx_word' id='word_1_160' title='bbox 653 2271 805 2336; x_wconf 86' lang='lat' dir='ltr'>Martemque</span> <span class='ocrx_word' id='word_1_161' title='bbox 815 2269 902 2335; x_wconf 73' lang='lat' dir='ltr'>ligatos</span> 
     </span>
    </p>
   </div>
   <div class='ocr_carea' id='block_1_7' title="bbox 196 2344 980 3177">
    <p class='ocr_par' dir='ltr' id='par_1_7' title="bbox 196 2344 980 3177">
     <span class='ocr_line' id='line_1_25' title="bbox 245 2344 790 2413; baseline 0.004 -18"><span class='ocrx_word' id='word_1_162' title='bbox 245 2344 351 2405; x_wconf 80' lang='lat' dir='ltr'>Narrat,</span> <span class='ocrx_word' id='word_1_163' title='bbox 363 2349 387 2395; x_wconf 92' lang='lat' dir='ltr'>in</span> <span class='ocrx_word' id='word_1_164' title='bbox 398 2348 502 2396; x_wconf 88' lang='lat' dir='ltr'>obsceno</span> <span class='ocrx_word' id='word_1_165' title='bbox 512 2364 612 2413; x_wconf 86' lang='lat' dir='ltr'>corpora</span> <span class='ocrx_word' id='word_1_166' title='bbox 624 2350 706 2413; x_wconf 79' lang='lat' dir='ltr'>prensa</span> <span class='ocrx_word' id='word_1_167' title='bbox 718 2352 790 2398; x_wconf 83' lang='lat' dir='ltr'>toro?</span> 
     </span>
     <span class='ocr_line' id='line_1_26' title="bbox 212 2420 813 2490; baseline 0.007 -19"><span class='ocrx_word' id='word_1_168' title='bbox 212 2420 300 2477; x_wconf 86' lang='lat' dir='ltr'>Unde.</span> <span class='ocrx_word' id='word_1_169' title='bbox 312 2425 357 2471; x_wconf 89' lang='lat' dir='ltr'>nisi</span> <span class='ocrx_word' id='word_1_170' title='bbox 368 2422 459 2473; x_wconf 90' lang='lat' dir='ltr'>indicio</span> <span class='ocrx_word' id='word_1_171' title='bbox 477 2429 558 2490; x_wconf 84' lang='lat' dir='ltr'>magni</span> <span class='ocrx_word' id='word_1_172' title='bbox 573 2428 686 2475; x_wconf 86' lang='lat' dir='ltr'>sciremus</span> <span class='ocrx_word' id='word_1_173' title='bbox 696 2427 813 2488; x_wconf 86' lang='lat' dir='ltr'>Homeri,</span> 
     </span>
     <span class='ocr_line' id='line_1_27' title="bbox 196 2499 980 2569; baseline 0.011 -21"><span class='ocrx_word' id='word_1_174' title='bbox 196 2556 203 2569; x_wconf 27' lang='grc' dir='ltr'><strong><em>ι</em></strong></span> <span class='ocrx_word' id='word_1_175' title='bbox 244 2500 351 2565; x_wconf 87' lang='lat' dir='ltr'>Hospitis</span> <span class='ocrx_word' id='word_1_176' title='bbox 362 2504 417 2565; x_wconf 86' lang='lat' dir='ltr'>igne</span> <span class='ocrx_word' id='word_1_177' title='bbox 428 2500 486 2553; x_wconf 89' lang='lat' dir='ltr'>duas</span> <span class='ocrx_word' id='word_1_178' title='bbox 498 2501 621 2553; x_wconf 83' lang='lat' dir='ltr'>incaluiile</span> <span class='ocrx_word' id='word_1_179' title='bbox 631 2503 717 2555; x_wconf 78' lang='lat' dir='ltr'>Densi</span> <span class='ocrx_word' id='word_1_180' title='bbox 932 2499 980 2561; x_wconf 73' lang='lat'>3⁸0</span> 
     </span>
     <span class='ocr_line' id='line_1_28' title="bbox 212 2576 835 2646; baseline 0.01 -21"><span class='ocrx_word' id='word_1_181' title='bbox 212 2576 290 2626; x_wconf 90' lang='lat' dir='ltr'>Omne</span> <span class='ocrx_word' id='word_1_182' title='bbox 303 2594 376 2643; x_wconf 82' lang='lat' dir='ltr'>genus</span> <span class='ocrx_word' id='word_1_183' title='bbox 387 2580 466 2643; x_wconf 90' lang='lat' dir='ltr'>scripti</span> <span class='ocrx_word' id='word_1_184' title='bbox 477 2584 593 2646; x_wconf 82' lang='lat' dir='ltr'>gravitate</span> <span class='ocrx_word' id='word_1_185' title='bbox 604 2580 733 2645; x_wconf 82' lang='lat' dir='ltr'>Tragoedia</span> <span class='ocrx_word' id='word_1_186' title='bbox 745 2584 835 2631; x_wconf 85' lang='lat' dir='ltr'>vincit:</span> 
     </span>
     <span class='ocr_line' id='line_1_29' title="bbox 244 2655 829 2723; baseline 0.007 -18"><span class='ocrx_word' id='word_1_187' title='bbox 244 2655 301 2705; x_wconf 82' lang='lat' dir='ltr'>Haec</span> <span class='ocrx_word' id='word_1_188' title='bbox 312 2672 407 2722; x_wconf 87' lang='lat' dir='ltr'>quoque</span> <span class='ocrx_word' id='word_1_189' title='bbox 417 2662 540 2707; x_wconf 77' lang='lat' dir='ltr'>materiam</span> <span class='ocrx_word' id='word_1_190' title='bbox 550 2661 640 2723; x_wconf 86' lang='lat' dir='ltr'>semper</span> <span class='ocrx_word' id='word_1_191' title='bbox 648 2663 736 2707; x_wconf 89' lang='lat' dir='ltr'>amoris</span> <span class='ocrx_word' id='word_1_192' title='bbox 749 2661 829 2709; x_wconf 87' lang='lat' dir='ltr'>habet.</span> 
     </span>
     <span class='ocr_line' id='line_1_30' title="bbox 211 2732 894 2800; baseline 0.009 -17"><span class='ocrx_word' id='word_1_193' title='bbox 211 2732 340 2799; x_wconf 76' lang='lat' dir='ltr'>Numquid</span> <span class='ocrx_word' id='word_1_194' title='bbox 350 2738 375 2783; x_wconf 89' lang='lat' dir='ltr'>in</span> <span class='ocrx_word' id='word_1_195' title='bbox 384 2736 532 2800; x_wconf 79' lang='lat' dir='ltr'>Hippolyto,</span> <span class='ocrx_word' id='word_1_196' title='bbox 543 2740 588 2785; x_wconf 86' lang='lat' dir='ltr'>uisi</span> <span class='ocrx_word' id='word_1_197' title='bbox 596 2752 663 2786; x_wconf 79' lang='lat' dir='ltr'>caecae</span> <span class='ocrx_word' id='word_1_198' title='bbox 670 2736 768 2787; x_wconf 84' lang='lat' dir='ltr'>flamma</span> <span class='ocrx_word' id='word_1_199' title='bbox 775 2741 894 2790; x_wconf 75' lang='lat' dir='ltr'>noverca?</span> 
     </span>
     <span class='ocr_line' id='line_1_31' title="bbox 244 2811 742 2864; baseline 0.008 -4"><span class='ocrx_word' id='word_1_200' title='bbox 244 2811 340 2861; x_wconf 88' lang='lat' dir='ltr'>Nobilis</span> <span class='ocrx_word' id='word_1_201' title='bbox 350 2812 383 2861; x_wconf 85' lang='lat' dir='ltr'>est</span> <span class='ocrx_word' id='word_1_202' title='bbox 391 2812 486 2864; x_wconf 79' lang='lat' dir='ltr'>Canace</span> <span class='ocrx_word' id='word_1_203' title='bbox 497 2814 576 2864; x_wconf 87' lang='lat' dir='ltr'>fratris</span> <span class='ocrx_word' id='word_1_204' title='bbox 588 2832 670 2864; x_wconf 86' lang='lat' dir='ltr'>amore</span> <span class='ocrx_word' id='word_1_205' title='bbox 681 2817 725 2864; x_wconf 85' lang='lat' dir='ltr'>sui.</span> <span class='ocrx_word' id='word_1_206' title='bbox 740 2832 742 2837; x_wconf 93' lang='lat'>·</span> 
     </span>
     <span class='ocr_line' id='line_1_32' title="bbox 211 2886 973 2958; baseline 0.013 -20"><span class='ocrx_word' id='word_1_207' title='bbox 211 2888 294 2950; x_wconf 81' lang='lat' dir='ltr'>Quid?</span> <span class='ocrx_word' id='word_1_208' title='bbox 307 2906 357 2939; x_wconf 91' lang='lat' dir='ltr'>non</span> <span class='ocrx_word' id='word_1_209' title='bbox 365 2890 522 2952; x_wconf 79' lang='lat' dir='ltr'>Tantalides,</span> <span class='ocrx_word' id='word_1_210' title='bbox 534 2896 639 2957; x_wconf 78' lang='lat' dir='ltr'>agitante</span> <span class='ocrx_word' id='word_1_211' title='bbox 647 2891 768 2958; x_wconf 87' lang='lat' dir='ltr'>Cupidine</span> <span class='ocrx_word' id='word_1_212' title='bbox 777 2898 877 2957; x_wconf 72' lang='lat' dir='ltr'>currus,</span> <span class='ocrx_word' id='word_1_213' title='bbox 929 2886 973 2952; x_wconf 73' lang='lat'>335</span> 
     </span>
     <span class='ocr_line' id='line_1_33' title="bbox 242 2968 741 3036; baseline 0.008 -20"><span class='ocrx_word' id='word_1_214' title='bbox 242 2969 341 3018; x_wconf 67' lang='lat' dir='ltr'>Pistam</span> <span class='ocrx_word' id='word_1_215' title='bbox 352 2968 458 3034; x_wconf 82' lang='lat' dir='ltr'>Phrygiis</span> <span class='ocrx_word' id='word_1_216' title='bbox 469 2973 533 3019; x_wconf 86' lang='lat' dir='ltr'>vexit</span> <span class='ocrx_word' id='word_1_217' title='bbox 544 2972 646 3020; x_wconf 85' lang='lat' dir='ltr'>eburnus</span> <span class='ocrx_word' id='word_1_218' title='bbox 657 2975 741 3036; x_wconf 81' lang='lat' dir='ltr'>equis?</span> 
     </span>
     <span class='ocr_line' id='line_1_34' title="bbox 210 3044 820 3113; baseline 0.003 -17"><span class='ocrx_word' id='word_1_219' title='bbox 210 3044 326 3109; x_wconf 72' lang='lat' dir='ltr'>‘fingeret</span> <span class='ocrx_word' id='word_1_220' title='bbox 343 3059 370 3094; x_wconf 90' lang='lat' dir='ltr'>ut</span> <span class='ocrx_word' id='word_1_221' title='bbox 380 3045 469 3094; x_wconf 72' lang='lat' dir='ltr'>fertum</span> <span class='ocrx_word' id='word_1_222' title='bbox 480 3061 593 3095; x_wconf 88' lang='lat' dir='ltr'>natorum</span> <span class='ocrx_word' id='word_1_223' title='bbox 604 3048 716 3113; x_wconf 80' lang='lat' dir='ltr'>sanguiue</span> <span class='ocrx_word' id='word_1_224' title='bbox 727 3063 820 3112; x_wconf 82' lang='lat' dir='ltr'>mater,</span> 
     </span>
     <span class='ocr_line' id='line_1_35' title="bbox 242 3121 701 3177; baseline 0.002 -2"><span class='ocrx_word' id='word_1_225' title='bbox 242 3121 362 3175; x_wconf 86' lang='lat' dir='ltr'>Concitus</span> <span class='ocrx_word' id='word_1_226' title='bbox 369 3142 386 3177; x_wconf 81' lang='lat' dir='ltr'>a</span> <span class='ocrx_word' id='word_1_227' title='bbox 395 3124 449 3177; x_wconf 78' lang='lat' dir='ltr'>laeso</span> <span class='ocrx_word' id='word_1_228' title='bbox 460 3124 517 3176; x_wconf 86' lang='lat' dir='ltr'>fecit</span> <span class='ocrx_word' id='word_1_229' title='bbox 528 3140 610 3176; x_wconf 87' lang='lat' dir='ltr'>amore</span> <span class='ocrx_word' id='word_1_230' title='bbox 620 3122 701 3177; x_wconf 87' lang='lat' dir='ltr'>dolor.</span> 
     </span>
    </p>
   </div>
   <div class='ocr_carea' id='block_1_8' title="bbox 694 3207 804 3282">
    <p class='ocr_par' dir='ltr' id='par_1_8' title="bbox 694 3207 804 3282">
     <span class='ocr_line' id='line_1_36' title="bbox 694 3207 804 3282; baseline 0 -21"><span class='ocrx_word' id='word_1_231' title='bbox 694 3230 698 3239; x_wconf 74' lang='lat'><em>,</em></span> <span class='ocrx_word' id='word_1_232' title='bbox 745 3207 804 3282; x_wconf 76' lang='lat' dir='ltr'>rnj</span> 
     </span>
    </p>
   </div>
   <div class='ocr_carea' id='block_1_9' title="bbox 0 0 1172 3917">
    <p class='ocr_par' dir='ltr' id='par_1_9' title="bbox 0 0 1172 3917">
     <span class='ocr_line' id='line_1_37' title="bbox 0 0 1172 3917; baseline 0 2"><span class='ocrx_word' id='word_1_233' title='bbox 0 0 1172 3917; x_wconf 95' lang='lat' dir='ltr'> </span> 
     </span>
    </p>
   </div>
  </div>
 </body>
</html>
