2334 3917
283 352 352 416 240
399 329 442 394 P.
481 329 637 394 Ovrnrr
673 326 867 390 NAsours

458 577 713 640 ELEGIA
752 577 792 637 V.

281 667 346 790 O
359 740 365 789 Ξ
387 755 451 789 nsrrrr
461 737 560 790 diledlos
570 742 631 789 inter
643 741 691 788 sors
700 740 776 803 prima
785 733 889 793 sodales,

307 817 385 866 Unica
396 817 496 866 fortunis
507 834 547 867 ara
555 832 648 882 reperta
657 819 716 866 meis
727 834 733 863 ι

274 893 351 960 Cujus
361 896 390 944 ab
400 895 510 959 alloquiis
521 898 602 943 anima
612 896 662 942 haec
674 890 819 942 moribunda
831 893 917 942 revixit
927 925 937 950 ,

306 974 342 1023 Ut
350 973 407 1038 vigil
418 1009 425 1029 .
435 972 514 1021 infusi
524 970 637 1030 Pallade,
649 970 747 1020 flamma
758 971 832 1020 solet:

243 1065 255 1110 ς
273 1050 321 1111 Qui
331 1053 419 1100 veritus
429 1066 478 1098 non
484 1067 507 1097 es
516 1065 598 1113 portus
608 1051 697 1113 aperire
710 1047 806 1108 fideles,

305 1125 415 1174 Fulmine
427 1122 538 1188 percullae
546 1126 734 1187 coniugiumque
746 1125 805 1170 ruti:

271 1203 348 1270 Cujus
358 1221 423 1253 eram
434 1205 503 1252 censu
513 1220 562 1252 non
573 1221 612 1251 me
625 1205 731 1252 sensurus
742 1216 867 1266 egentem,

303 1283 327 1330 Si
338 1279 417 1331 Caesar
427 1282 514 1343 patrias
524 1276 644 1343 eripuill'et
654 1277 710 1344 opes
722 1297 728 1326 t

271 1357 396 1421 Temporis
406 1356 511 1405 oblitum
520 1354 579 1406 dum
589 1373 628 1406 me
640 1360 700 1421 rapit
711 1360 813 1421 impetus
824 1357 891 1418 hujus
902 1387 910 1412 ‚

223 1444 253 1478 ¹0
301 1431 396 1484 Excidit
413 1435 473 1482 heul
489 1451 579 1483 nornen
588 1433 661 1501 quim
673 1437 732 1482 mihi
743 1451 808 1499 paene
818 1433 900 1482 tuum!

269 1515 305 1564 Te
313 1528 393 1564 tamen
400 1513 508 1577 agnoscis
517 1531 523 1562 ι
532 1515 665 1578 ῑτεᾶιιεςικ
676 1510 787 1577 cupidine
795 1509 869 1558 laudis
881 1543 889 1567 ,

300 1592 344 1640 llle
358 1607 403 1656 ego
411 1592 461 1639 sum
471 1623 479 1649 ,
489 1607 585 1655 cuperes
596 1588 673 1640 disere
682 1586 747 1655 polle
759 1588 847 1654 palam.

268 1668 340 1722 Certd
351 1685 411 1734 ego,
422 1671 441 1718 sl
452 1672 553 1723 sineres,
572 1669 669 1718 titulum
680 1671 723 1717 tibi
735 1665 831 1716 reddere
841 1665 946 1719 vellem,

300 1749 331 1797 Et
341 1764 416 1796 raram
428 1749 506 1798 Fame
517 1747 645 1796 conciliare
659 1745 741 1796 fidem.

220 1838 230 1870 ¹
237 1836 246 1885 ς
266 1825 303 1876 Ne
312 1842 412 1874 noceam
423 1840 508 1888 grato,
522 1841 621 1884 vereor,
635 1825 678 1873 tibi
687 1823 789 1875 carmine
800 1839 807 1881 ¹,
818 1836 877 1870 neve

297 1902 475 1966 IntempestIvus
486 1906 590 1951 nominis
602 1903 678 1952 obstet
689 1905 774 1954 honos.

264 1977 337 2040 Quod
349 1980 404 2027 lieet
412 1983 438 2027 ἃ
451 1994 531 2029 tutum
541 1981 588 2040 est,
600 1983 662 2032 intra
673 1997 713 2030 tua
724 1983 834 2044 pectora,
846 1975 942 2042 gaude,

295 2057 383 2121 Meque
392 2059 425 2104 tui
434 2074 582 2116 memorem,
594 2073 664 2124 teque
676 2055 743 2110 inille
753 2062 810 2108 mei.

262 2132 344 2198 thue
355 2133 428 2190 facis,
440 2137 509 2182 remis
521 2133 551 2183 ad
562 2152 633 2199 opem
646 2136 731 2185 ludiare
742 2133 880 2194 ferendam,

216 2219 247 2252 ²0
294 2202 360 2259 Dum
371 2214 450 2259 vestiat
460 2210 556 2276 placido
568 2213 667 2262 mollior
676 2231 731 2262 aura
741 2214 807 2262 Deo:

261 2289 293 2338 Et
302 2304 378 2338 tutare
388 2305 459 2354 caput
469 2290 529 2338 nulli
538 2291 651 2340 servabile
661 2326 668 2350 ,
679 2295 696 2340 si
709 2308 758 2342 non

293 2367 341 2428 Qui
350 2367 537 2431 mersitStygii,
550 2368 655 2418 sublevet
665 2367 741 2424 illud,
753 2369 823 2435 aqui.

261 2445 360 2509 Teque,
373 2443 439 2509 quod
450 2445 482 2493 est
490 2463 585 2504 rarum,
599 2448 680 2510 presta
689 2447 821 2497 constanter
830 2445 861 2496 ad
871 2465 944 2496 omne

291 2519 443 2570 lndeclinatae
451 2539 536 2571 munus
547 2527 667 2574 amicitie.

213 2603 240 2649 ²5
259 2600 297 2648 sic
308 2615 347 2649 tua
357 2597 475 2663 procellos
486 2602 571 2649 habent
580 2603 683 2651 Fortuna
695 2619 820 2667 perennes:

291 2679 328 2726 Sic
339 2695 384 2742 ope
395 2695 445 2726 non
455 2694 522 2742 egeas
532 2681 598 2742 ipse,
610 2683 722 2747 iuvesque
736 2697 798 2732 tuos.

258 2756 296 2803 Sic
306 2770 383 2820 aequet
394 2770 434 2804 tua
443 2772 517 2819 nupta
527 2761 605 2806 virum
618 2760 725 2808 bonitate
736 2763 847 2826 perenni3

289 2832 381 2881 lneidat
389 2838 413 2881 δι
423 2834 498 2884 vestro
509 2851 559 2882 rara
567 2836 662 2900 querela
670 2851 733 2890 toro.

257 2909 381 2973 Diligat&
394 2912 483 2974 semper
494 2913 569 2960 socius
581 2928 603 2959 te
616 2915 734 2978 sanguinis
744 2917 804 2980 illo,
877 2917 880 2925 ⁴

211 2999 241 3042 30
290 2985 344 3047 Quo
357 2991 409 3054 pius
417 2987 501 3038 affellu
511 2989 610 3041 Castore
618 2991 689 3042 frater
698 3012 771 3046 amat.
