2334 3917
270 404 412 472 Error.
441 416 498 470 nx
519 378 672 468 Ponro
696 402 734 468 L.
759 401 809 468 ΙΙ.
841 419 903 488 30¹

229 523 326 574 Fuderit
343 523 447 576 assiduae
464 523 561 573 nubilus
573 523 656 572 Auster
673 538 765 588 aquas,

196 600 299 652 Lumine
313 594 403 654 coelessi
418 601 500 651 Solem
514 597 604 650 fulsisse
614 602 739 659 serenum,

231 679 297 730 Cum
314 680 398 746 populi
414 679 482 729 vultu
498 682 655 728 conveniente
669 676 716 728 die·
807 730 810 735 ,

197 757 277 822 Atque
292 762 326 808 ita
340 761 476 817 vidorem,
492 773 547 806 cum
567 772 656 820 magno
674 758 740 806 vocis
758 757 862 808 honore,

232 835 322 884 Bellica
339 835 440 885 laudatis
455 833 520 884 dona
535 831 626 884 dedisse
639 837 696 884 viris
715 853 721 882 ε
930 853 962 900 3⁰

199 909 321 976 claraque
334 913 468 962 sumturum
483 914 555 975 piore
570 913 674 976 insignia
685 910 771 970 vestet,

237 990 302 1038 Tura
312 989 376 1054 priris
386 991 469 1042 faustis
480 987 616 1052 imposuisse
628 989 688 1038 sotis
700 1009 706 1037 ι

197 1067 363 1134 iustitiamque
373 1070 408 1117 sui
419 1066 479 1117 casti
490 1065 591 1131 placasie
602 1068 722 1121 Parentis,

231 1145 278 1194 iiio
289 1163 341 1211 qun
355 1145 473 1209 templum
483 1147 576 1209 pesiore
589 1146 679 1210 semper
690 1146 771 1194 habet.

200 1223 299 1289 Quaque
317 1227 387 1277 ierit,
402 1222 460 1271 felix
476 1219 593 1287 adjesium
615 1223 734 1286 plausibus
752 1237 846 1281 omen,
932 1242 959 1288 ³5

169 1311 172 1314 ’
232 1302 336 1365 Saxaque
346 1303 430 1348 roratis
441 1297 557 1348 erubuisse
568 1303 636 1349 rosis.

193 1373 311 1425 'Protinus
323 1375 422 1442 argento
437 1379 516 1427 versos
532 1380 652 1427 imitantia
671 1395 770 1439 muros,

231 1456 332 1504 Barbara
348 1472 404 1505 cunr
420 1459 488 1505 viiiis
505 1455 594 1520 oppida
606 1455 653 1506 lata
663 1459 727 1506 viris.

198 1531 374 1598 fluminaque,
388 1536 413 1582 &-
429 1547 539 1592 montes,
555 1537 579 1580 &
594 1535 621 1580 in
636 1534 689 1583 altis
707 1535 792 1598 pascua
811 1534 892 1594 silvis,

230 1610 349 1674 Armaque
363 1625 419 1672 cum
436 1610 489 1658 telis
504 1613 530 1657 in
546 1609 606 1658 strue
625 1614 699 1659 mixta
717 1615 771 1659 suis.
877 1671 880 1676 Ι
928 1635 963 1679 4⁰

198 1685 285 1751 Deque
300 1689 467 1752 triumphato,
484 1685 550 1752 quod
568 1688 609 1736 301
626 1687 777 1744 incenderit,
792 1706 849 1738 auro

230 1766 305 1813 Aurea
316 1767 419 1814 Romani
431 1767 491 1813 tesia
502 1761 569 1812 fuisse
581 1765 637 1814 fori.

199 1841 296 1907 Totque
313 1840 392 1891 tuliffe
407 1841 478 1890 duces
494 1845 592 1905 captivis
610 1841 690 1891 addita
706 1843 774 1891 collis

232 1921 352 1981 Vincula,
367 1937 434 1984 pane
448 1920 524 1968 hostes
536 1935 596 1984 quot
607 1922 661 1968 satis
674 1917 718 1968 esse
731 1920 785 1969 fuit.

199 1998 306 2048 Maxima
317 2015 369 2064 pars
379 2001 465 2047 horum
477 2001 551 2046 vitam
563 2003 704 2063 veniamque
716 1997 821 2047 tulerunt
833 2016 840 2045 :
928 2023 958 2068 ⁴5

231 2076 258 2124 In
275 2077 399 2142 quibus&
417 2076 473 2124 belli
489 2078 580 2124 summa
596 2093 713 2140 caputque
727 2075 795 2126 Bato.

199 2151 250 2202 Cur
262 2171 307 2218 ego
317 2153 383 2219 posse
394 2171 479 2220 negem
496 2157 573 2204 minui
589 2159 648 2203 mihi
660 2155 771 2203 Numinis
782 2158 858 2208 iram,

232 2229 297 2278 Ctim
307 2230 402 2280 videam
412 2235 481 2281 mitet
492 2233 597 2282 hostibus
609 2230 654 2281 effe
665 2233 747 2282 De'osi

200 2305 301 2356 Pertulit
311 2309 358 2356 huc
369 2307 434 2356 idem
447 2312 515 2358 nobis
528 2344 536 2368 ,
553 2311 716 2370 Germanice,
733 2324 835 2367 rumor,
877 2350 883 2372 q

233 2381 329 2446 Oppida
339 2384 381 2432 sub
392 2387 464 2432 titulo
475 2389 579 2434 nominis
591 2384 632 2434 iss'e
644 2390 688 2435 tui.
933 2406 963 2450 5⁰

200 2458 280 2523 Atque
290 2477 331 2518 ea,
343 2475 474 2521 reconna,
485 2479 529 2511 nec
540 2467 602 2511 muri
612 2463 694 2521 mole,
707 2477 750 2511 nec
761 2464 849 2522 armis,
902 2493 903 2498 ,

233 2536 285 2585 Nec
301 2539 358 2588 satis
375 2541 471 2602 ingenio
490 2555 540 2588 tuta
556 2537 625 2588 fuisse
642 2539 697 2589 ioci.
719 2560 721 2566 ·
789 2542 797 2556 “
816 2599 819 2606 Ι

198 2613 233 2663 Di
245 2616 290 2664 tibi
300 2614 357 2665 dent
368 2616 456 2665 annos!
474 2634 487 2666 a
506 2631 528 2666 te
543 2634 599 2665 nam
611 2633 688 2666 cetera
699 2619 791 2676 sumes;

232 2696 284 2744 Sint
294 2693 370 2744 modo
379 2698 462 2745 virtuti
474 2695 665 2760 temporaionga
678 2710 732 2743 tuae.

198 2770 273 2834 Quod
283 2789 382 2837 precor,
394 2776 503 2821 eveniet:
516 2774 570 2822 sunt
581 2770 696 2838 quiddam
708 2771 804 2820 oracula
818 2785 909 2827 vatum.
931 2797 957 2842 55

229 2851 297 2901 Nam
311 2849 378 2900 Deus
399 2853 493 2917 optanti
509 2853 619 2915 prospera
634 2854 700 2915 'signa
720 2847 795 2899 dedit.

199 2931 235 2980 Te
252 2945 348 2996 quoque
362 2931 478 2979 visiorem
495 2929 607 2994 Tarpejas
622 2925 735 2978 scandere
748 2930 775 2977 in
791 2943 855 2978 arces

230 3007 295 3056 Laeta
311 3009 432 3056 coronatis
449 3005 527 3054 Roma
540 3004 632 3055 ridebit
647 3007 722 3071 equis.

199 3081 354 3153 Maturotque
371 3086 440 3136 Pater
454 3088 504 3134 nati
521 3085 633 3152 speciabit
647 3086 769 3146 honoret,
