2334 3917
93 826 99 1033 l

313 379 383 442 266
453 369 499 438 P.
528 371 685 438 Orruit
707 373 901 440 Nrrours

336 530 1027 610 «QQQ»

484 636 841 740 E‘uuc1l1x'.

310 762 393 886 O!
406 849 472 886 rur
493 837 513 884 ri
529 837 615 886 sineres
626 837 651 886 iu
661 836 746 886 nolitis
757 839 858 889 nomina
868 841 928 904 puni

336 911 507 973 Carminibus,
521 917 612 978 potitur
626 913 701 980 qudm
716 917 777 964 mihi
788 917 847 982 saepe
858 916 936 966 fores!
951 899 958 916 ¹

302 989 339 1038 Te
355 991 432 1039 solum
445 993 525 1040 meriti
535 1007 644 1040 canerem
655 1008 765 1051 memor3
778 995 850 1059 inque
862 991 953 1043 libellis

335 1065 454 1118 Crevilset
470 1071 520 1118 sine
540 1083 563 1117 te
577 1071 663 1134 pagina
678 1069 745 1118 nulla
759 1073 827 1118 meis.

272 1145 283 1187 5
303 1143 366 1205 Quid
378 1145 422 1194 ribi
433 1143 544 1194 deberem
556 1145 608 1196 totai
617 1148 715 1196 sciretur
725 1150 751 1195 in
761 1147 837 1197 Urbe:

332 1223 403 1271 Exsul
413 1225 440 1272 iu
450 1224 536 1272 amissi
544 1227 563 1273 ri
575 1239 655 1272 tamen
668 1224 735 1273 Urbe
747 1223 823 1290 legor.

269 1324 271 1331 ν
300 1300 443 1364 Tepraesenr
454 1304 556 1360 mirem,
568 1316 591 1350 te
603 1299 681 1351 noller
689 1299 766 1350 'serior
779 1316 852 1353 aetar:

330 1378 421 1440 Scripta
431 1374 571 1426 vetustatem
582 1376 601 1422 ri
610 1372 686 1424 modb
697 1375 776 1424 nostra
786 1375 874 1425 ferent.

297 1451 348 1500 Nec
369 1453 412 1501 ribi
422 1449 520 1503 cellaret
531 1450 614 1501 dubius
630 1453 690 1502 bene
704 1450 782 1501 dicere
794 1452 882 1503 ledor:

251 1534 280 1566 ¹0
330 1530 375 1579 Hic
384 1531 442 1585 tibi,
455 1532 546 1580 servato
557 1544 611 1579 vate
621 1564 629 1590 ‚
642 1545 750 1580 maneret
760 1532 848 1581 honor.

296 1608 395 1658 Caesaris
405 1609 437 1657 est
447 1612 552 1674 primum
561 1623 647 1657 munus
658 1642 666 1667 ‚
682 1606 748 1673 quod
759 1605 869 1658 ducimur
881 1627 949 1662 auras
960 1630 969 1671 3

327 1689 409 1736 Gratia
415 1687 468 1752 post
479 1701 578 1751 magnos
589 1685 624 1733 est
634 1685 676 1734 ribi
686 1684 797 1736 habenda
808 1685 882 1737 Deos.

295 1766 338 1813 llle
349 1763 417 1815 dedit
427 1768 517 1823 vitam3
530 1778 571 1822 tu,
590 1778 663 1828 quam
675 1759 743 1811 dedit
751 1761 811 1823 ille,
825 1767 911 1814 rueris:

325 1843 356 1892 Et
372 1842 429 1891 facie
438 1855 536 1906 accepto
549 1856 648 1888 munere
659 1835 726 1904 polle
738 1839 798 1890 frui.

247 1926 273 1971 ¹5
293 1918 405 1984 Cumque
419 1920 580 1983 perhorruerit
593 1918 658 1966 casus
669 1933 721 1981 pars
735 1920 840 1967 maxima
850 1918 962 1981 nostros,

325 1997 379 2044 Pars
390 1999 463 2044 eriam
473 1992 538 2044 credi
548 1991 695 2059 pertimuisse
704 1994 782 2054 velit,

291 2073 495 2138 Naufragiumque
512 2088 594 2120 meum
609 2071 703 2121 rumulo
714 2072 823 2138 spedlarit
839 2071 868 2120 ab
884 2071 956 2136 alto,

322 2150 374 2198 Nec
388 2146 481 2199 dederit
491 2152 558 2199 nanti
571 2166 614 2216 per
625 2141 687 2200 freta
697 2151 756 2200 saeva
768 2164 884 2209 manum

289 2229 437 2278 seminecem
451 2227 534 2293 stygia
548 2229 663 2278 revocasti
674 2227 736 2277 solur
748 2228 777 2276 ab
789 2225 861 2276 unda.

242 2316 271 2348 20
323 2305 376 2354 Hoc
386 2321 483 2373 quoque
493 2294 560 2371 quod
568 2321 687 2355 memores
696 2301 817 2370 pollumur
827 2303 874 2353 effe
885 2319 954 2356 tuum
963 2308 1004 2358 est.

287 2381 322 2432 Di
332 2385 376 2432 tibi
387 2386 411 2432 fe
420 2383 527 2434 tribuant
537 2399 593 2432 cum
604 2383 698 2434 Caesare
709 2385 799 2448 semper
814 2386 921 2434 amicos:
985 2379 988 2384 ’

322 2461 379 2510 Non
388 2465 469 2527 potuit
481 2477 568 2512 vorum
577 2461 670 2526 plenius
681 2459 727 2510 ell'e
739 2477 829 2510 meum.

288 2537 345 2587 llaec
355 2556 421 2589 meus
430 2543 518 2606 argutir
530 2575 538 2600 ‚
552 2543 571 2588 si
582 2555 608 2588 tu
619 2554 740 2606 paterere,
754 2540 841 2588 libellis

214 2638 217 2645 ¹
319 2617 422 2666 Poneret
433 2620 460 2668 iu
471 2617 549 2670 multa
559 2617 612 2666 luce
622 2615 727 2667 videnda
737 2617 813 2667 labor.

237 2704 266 2748 ²5
288 2695 315 2742 Se
326 2710 422 2761 quoque
431 2710 512 2757 nunc,
527 2698 636 2763 quamvis
648 2693 746 2762 estjuffr
757 2696 893 2760 quiescere,
906 2701 998 2764 quinte

318 2771 565 2833 Nominetinvitum‚
583 2777 625 2826 rix
634 2789 689 2824 mea
701 2773 771 2822 Musa
782 2787 856 2836 tenet.

285 2848 366 2915 thue
380 2865 481 2911 canem,
496 2849 588 2916 pavida
599 2853 694 2902 nactum
704 2850 803 2916 vestigia
817 2867 908 2913 cerva,

181 2949 183 2953 ·
206 2966 214 2972 .
317 2927 455 2978 Luiiantem
465 2927 550 2979 frustra
560 2930 647 2994 copula
655 2927 714 2980 dura
725 2941 806 2977 tener:

283 3004 365 3070 thue
376 3006 439 3057 foret
449 3004 558 3056 nondum
569 3008 663 3056 reserari
675 3008 773 3056 carceris
786 3021 839 3056 acer

238 3090 268 3136 3⁰
316 3081 387 3132 Nunc
397 3082 459 3150 pede
473 3085 615 3150 ‚uuucipri
626 3085 722 3146 fronte,
733 3083 826 3134 lacessit
834 3099 925 3151 equur;
