2334 3917
260 449 330 522 250
406 427 448 498 P.
484 427 642 500 ormo
666 425 862 503 NArours‘

292 553 330 601 Tu
343 555 519 619 curaerequier,
532 555 769 609 tumedicinamalir
964 619 967 629 Ι

258 630 296 678 Tu
311 627 374 690 dux,
391 646 417 679 tu
429 647 510 680 comes
522 650 545 682 es
557 652 563 682 r
577 649 602 684 tu
612 651 655 684 nos
665 634 763 685 abducis
775 638 805 685 ab
817 635 891 693 Istro,

212 724 258 756 120
291 707 318 755 in
331 707 461 776 medioque
472 713 532 761 mihi
544 710 585 762 dar
595 711 711 764 Helicone
722 715 814 764 iocum.

257 785 295 834 Tu
307 789 384 847 mihi,
397 787 464 855 quod
475 807 571 850 rarum,
585 796 641 842 vivo
649 793 749 842 sublime
758 789 843 842 dedisti

290 863 388 930 Nomen
396 868 425 915 ab
438 869 552 936 exsequiis
560 869 627 937 quod
639 871 694 921 dare
706 873 778 922 fama
790 871 859 920 solet.

258 942 310 993 Nec
322 980 330 1004 ‚
342 947 384 1012 qui
396 945 510 997 detrestat
521 950 660 1013 praesentia,
674 951 744 1000 Livor
759 952 843 1015 iniquo

291 1024 377 1073 Ullum
391 1023 421 1074 de
434 1027 518 1075 nostris
529 1026 600 1076 dente
610 1025 746 1078 momordit
754 1043 824 1093 opor,

211 1101 342 1167 125Nam,
356 1104 561 1170 tulerintmagoor
571 1105 627 1155 etim
639 1106 717 1156 secula
728 1107 805 1154 nostra
816 1109 916 1169 poetas,

292 1181 349 1231 Non
360 1181 406 1232 fuit
417 1185 515 1247 ingenio
523 1185 595 1233 Fama
607 1183 711 1250 maligno
721 1200 784 1233 meo.

259 1258 372 1326 cumque
381 1278 426 1326 ego
438 1278 575 1328 praeponam
585 1261 676 1312 multos
687 1265 762 1321 mihi,
775 1277 825 1311 non
836 1265 916 1311 minor
928 1259 979 1311 illu

291 1339 383 1398 Dicor:
395 1345 418 1388 δι
431 1343 456 1388 iu
468 1354 521 1389 toto
532 1340 650 1405 plurimus
661 1342 718 1390 orbe
734 1341 809 1406 legor.

260 1418 285 1466 st
296 1415 354 1482 quid
363 1420 452 1466 habent
463 1421 536 1483 igitur
547 1433 631 1467 vatum
647 1421 757 1484 praesagia
767 1420 834 1477 veri3

214 1503 259 1551 150
293 1497 403 1545 Protinus
413 1512 440 1545 ut
451 1499 557 1555 moriar,
573 1513 623 1546 noo
632 1513 690 1557 ero,
702 1498 792 1557 Terra,
806 1511 868 1546 tuus.
968 1555 972 1566 ¹

259 1579 313 1627 Sive
321 1575 402 1625 favore
411 1575 456 1624 tuli
466 1611 474 1636 ‚
486 1579 535 1625 sive
546 1579 607 1625 hanc
618 1593 663 1641 ego
673 1579 778 1628 carmine
793 1574 901 1634 famam,

291 1654 346 1704 Jure
362 1657 404 1704 tibi
415 1669 510 1720 grater,
522 1653 623 1705 candide
635 1656 726 1716 uuor,
740 1669 795 1720 ago.

259 1811 978 1884 emmaum&

448 1961 694 2033 trouu
744 1965 788 2034 V.
873 1926 876 1933 ’

358 2106 612 2175 ELEG'IA
653 2113 872 2176 PRIMA.

261 2205 389 2327 Hunc
401 2294 500 2344 quoque
507 2275 537 2327 de
544 2276 643 2338 Getico,
655 2277 727 2328 nostri
738 2275 855 2337 studiose,
865 2274 976 2326 libellum

294 2356 390 2415 Litore,
403 2358 527 2421 premissis
538 2369 654 2422 quartuor
665 2355 725 2406 adde
737 2359 804 2405 meis.

260 2431 308 2486 Hic
316 2451 412 2503 quoque
424 2435 478 2484 talis
489 2437 552 2495 erit,
570 2434 648 2499 qualis
659 2436 763 2484 Fortuna
776 2435 860 2500 poete.

204 2536 207 2545 ¹
292 2516 399 2565 Invenies
410 2529 465 2563 toto
475 2516 579 2563 carmine
590 2510 660 2562 dulce
669 2513 739 2562 nihil.

231 2598 250 2654 5'
261 2595 357 2645 Flebilis
368 2609 395 2643 ut
403 2595 480 2644 noster
489 2593 560 2663 statut
570 2593 620 2652 est,
636 2595 669 2641 ita
681 2587 760 2641 flebile
771 2603 883 2648 carmem,
967 2645 972 2650 ,

294 2674 402 2723 Materia
415 2675 502 2737 scripto
513 2673 670 2720 conveniente
682 2671 736 2720 suae.

261 2752 355 2817 integer
363 2755 387 2800 iit
399 2752 466 2801 iretur
474 2751 529 2800 itta
541 2750 691 2815 &juvenilia
702 2749 763 2809 iusi;

294 2829 339 2880 1112
353 2844 433 2879 tameo
444 2845 507 2879 nunc
518 2844 557 2878 me
569 2823 728 2893 composuiffe
739 2831 811 2892 piger.

262 2907 298 2957 Ut
308 2906 403 2969 cecidi,
421 2909 493 2958 subiti
503 2923 590 2974 perego
601 2907 720 2972 preconia
728 2904 793 2954 castis
804 2922 812 2962 5

216 3006 248 3042 ιο
296 2988 401 3052 Sumque
412 2987 545 3052 argumenti
557 2983 670 3035 conditor
678 2985 727 3048 ipse
738 2985 793 3032 mei.

264 3063 345 3128 thue
354 3067 432 3128 iacens
441 3063 493 3129 sipi
503 3061 589 3112 deflere
597 3059 720 3124 Caystrius
728 3053 775 3110 aies

294 3142 391 3192 Dicitur
401 3159 442 3192 ore
452 3144 519 3192 suam
530 3139 656 3192 deficiente
665 3152 765 3198 necem
788 3150 792 3164 ¹
815 3151 817 3158 “
