2334 3917
289 407 713 486 Frsroruuzrr.
737 407 769 475 I.
847 428 885 493 3¹

197 538 299 590 Obruet
309 536 404 587 hostiles
414 534 457 584 iile
467 535 535 583 risina
546 530 643 583 domos.

168 617 241 667 Urite
258 618 368 667 viaricts
383 614 508 679 Neptunia
517 613 632 677 Pergama
641 608 762 660 flammat
892 619 935 668 5²5

197 694 269 745 Num
279 696 360 742 minus
376 693 415 740 bic
426 705 482 739 toto
493 688 525 739 eil
536 688 609 738 altior
619 688 677 737 otbe
686 689 763 740 cinit?

164 772 217 823 lam
228 775 283 838 pius
292 770 378 821 ,finees
389 770 470 829 sacta,
483 771 524 829 it,
535 768 602 816 sacra
611 766 700 825 altera,
711 780 820 831 patrem,

195 848 309 900 Afferete
323 849 409 897 Iliacos
420 850 520 911 excipe,
536 844 623 905 Vella,
634 842 710 893 Deos.

164 926 273 992 Tempus
289 930 351 987 erit,
368 930 424 977 culm
435 940 479 977 vos
490 925 623 989 orbemque
636 924 742 973 tuebitur
751 918 833 980 idem3

195 1004 228 1054 Et
241 1003 303 1055 fient
317 1007 369 1070 ipso
381 1006 446 1054 sacta
457 1002 552 1052 colente
563 1000 638 1051 Deo:
889 1016 936 1067 ppo

162 1081 193 1133 Et
210 1098 285 1148 penes
298 1082 416 1149 Augustos
426 1084 508 1147 patrio
519 1079 595 1131 tutela
604 1078 720 1130 manebit.

194 1160 266 1211 Hanc
282 1161 319 1211 fas
329 1163 424 1227 imperii
436 1160 502 1210 frena
510 1174 589 1209 tenere
599 1155 711 1208 domum.

161 1238 221 1291 Inde
231 1257 308 1306 nepos
320 1255 438 1305 natusque
446 1238 510 1299 Dei,
521 1237 579 1287 licet
590 1238 639 1303 ipse
650 1236 757 1297 recuset,

194 1316 305 1369 Pondera
317 1316 407 1369 coelesti
418 1330 499 1366 utente
511 1330 609 1383 paterna
619 1315 690 1364 feret.

160 1393 244 1460 thue
251 1409 298 1459 ego
308 1394 427 1459 perpetuis
435 1392 496 1441 olim
507 1391 616 1441 sacrabor
625 1391 651 1438 in
660 1392 722 1451 atis,
888 1404 932 1453 535

193 1474 232 1521 Sic
251 1471 356 1536 Augusta
367 1485 461 1521 novum
472 1468 535 1519 lulio
546 1482 636 1517 numen
646 1470 700 1518 erit.

161 1548 262 1599 Talibus
269 1549 380 1614 auspiciis
390 1548 482 1599 nostros
493 1545 617 1597 descendit
625 1544 657 1597 ad
665 1562 750 1611 agros,

191 1626 302 1676 Substitit
311 1628 336 1677 in
351 1622 445 1677 medios
455 1627 551 1692 ptaescia
561 1626 644 1690 lingua
654 1627 734 1675 sonos.

160 1702 282 1769 Puppibus
293 1700 409 1769 egressus,
421 1703 490 1755 Latii
498 1704 562 1756 iletit
573 1702 639 1753 exsui
649 1694 676 1752 in
685 1702 767 1753 herbe.
792 1742 795 1747 .

191 1780 259 1831 Felix
270 1815 279 1842 ‚
298 1780 409 1832 exsilium
421 1785 459 1831 cui
470 1782 539 1832 locut
549 1782 592 1831 ille
602 1780 651 1831 fult
662 1780 670 1829 l
885 1795 934 1843 540

161 1858 211 1909 Nec
222 1875 293 1908 mora
304 1858 376 1925 longa
386 1858 433 1910 fuit
445 1894 454 1920 ‚
466 1859 559 1909 stabant
570 1874 634 1909 nova
647 1859 708 1907 testa
719 1875 726 1908 z
737 1872 783 1908 nec
790 1854 850 1910 nltet

190 1936 320 1986 Montibus
333 1938 443 1987 Ausoniis
454 1934 547 1987 Arcade
557 1940 637 2001 major
648 1948 706 1985 etat.

159 2010 220 2063 Ecce
235 2015 310 2063 boves
323 2013 383 2063 illuc
394 2014 531 2065 Erithei'das
546 2012 653 2079 applicet
663 2015 751 2076 beroe,

189 2092 306 2142 Emensus
323 2092 391 2158 longi
405 2092 510 2159 claviger
528 2094 666 2143 orbie'iter.

158 2170 273 2238 Dumque
282 2174 340 2221 huic
351 2172 482 2238 hospitium
492 2170 580 2222 domus
590 2170 623 2221 eil
637 2171 748 2237 Tegeae,
758 2186 927 2239 “gentunis

189 2250 344 2301 Incustoditae
354 2249 408 2299 laeta
418 2266 460 2315 pet
471 2264 527 2300 arva
538 2250 621 2299 boves.

158 2326 230 2379 Mane
248 2343 316 2378 erat:
329 2325 435 2378 excussus
449 2329 536 2377 somno
551 2328 694 2390 Tirynthius
706 2326 792 2395 hospes

188 2406 226 2455 De
238 2422 340 2457 numero
352 2422 432 2457 tauros
443 2408 516 2456 sentit
528 2403 606 2455 abesse
619 2403 689 2456 duos.

157 2481 230 2535 Nulla
238 2482 328 2545 ‘videt,
341 2487 407 2535 taciti
418 2500 526 2552 quarens
533 2484 633 2549 vestigia
643 2483 702 2534 furti
714 2500 722 2534 e

186 2563 304 2613 Traxerat
314 2566 407 2613 aversos
418 2560 497 2613 Cacus
508 2564 534 2611 ln
544 2577 613 2613 antra
622 2560 702 2621 semet
882 2583 930 2627 550

157 2637 234 2690 Cacus
249 2640 374 2690 Aventina
386 2642 461 2689 timor
472 2653 544 2705 atque
555 2639 657 2689 infamia
667 2638 750 2699 silve,

186 2715 246 2765 Non
256 2714 308 2765 leve
320 2711 429 2765 finitimis
444 2715 625 2779 hospitibusque
636 2712 738 2763 malum.
838 2749 839 2754 ,

158 2791 279 2844 Diraviro
294 2791 387 2854 facies,
407 2794 471 2844 vires
484 2810 528 2859 pro
539 2809 640 2862 corpore
649 2810 657 2841 e
667 2806 754 2858 corpus

186 2868 284 2921 Grande
293 2888 300 2919 e
310 2886 377 2936 peter
385 2872 486 2923 monstri
494 2871 615 2923 Mulciber
627 2873 697 2937 hujus
708 2887 767 2923 erat.

156 2947 247 3015 Proque
257 2947 349 3005 domo,
362 2948 441 3016 longis
458 2938 709 3017 spelunca'receseibue
719 2952 820 3019 ingens,
877 2965 922 3016 m

187 3026 292 3083 Abdita,
305 3029 347 3077 vis
357 3030 412 3093 ipsis
428 3026 572 3079 invenienda
583 3028 649 3077 feris.

157 3104 204 3155 Ora
213 3106 282 3174 super
293 3105 370 3174 pollet
380 3104 497 3175 affixaque
507 3107 605 3158 bruelio
612 3104 734 3174 pendent,

705 3189 726 3243 B
738 3185 765 3242 lt
