2334 3917
192 452 198 469 θ
283 374 326 435 16
387 368 449 438 ,Ρ.
473 369 630 439 Orion
650 370 846 439 Naroma

228 522 236 563 l.
310 487 342 538 Et
352 490 514 556 quoscumque
525 492 595 541 sacris
605 489 700 543 addidit
710 492 752 542 ille
762 492 822 543 dies.

184 566 192 587 ’·
228 571 257 619 r¹5
278 566 361 617 Annue
376 572 473 618 conanti
489 586 531 634 per
540 568 622 619 laudes
632 574 667 619 ire
679 587 792 632 tuorum,

222 637 230 666 ²
307 644 393 713 Deque
405 662 460 695 meo
469 646 568 712 pavidos
579 664 662 698 excute
672 647 744 699 corde
755 663 843 702 metus.

276 720 315 771 Da
325 727 386 773 mihi
397 739 419 773 te
430 719 553 790 placidum
565 744 572 785 3
589 724 682 776 dederit
694 731 719 776 in
729 730 835 776 carmina
844 725 924 777 virere

309 801 435 867 Ingenium
452 804 521 855 vultu
537 805 628 870 statque
648 803 759 871 caditque
774 820 826 854 tuo.

276 880 366 945 Pagina
376 879 496 946 judicium
504 880 568 931 dotti
580 884 684 931 subitura
695 897 807 932 movetur

219 964 259 1005 ,²0
309 958 441 1024 Principis,
453 974 479 1009 ut
490 959 574 1009 Clario
588 958 658 1012 miffa
668 959 769 1026 legenda
778 960 841 1010 Deo.

277 1032 336 1096 Quae
345 1039 376 1085 sit
389 1040 453 1085 enim
463 1037 523 1087 culri
536 1040 666 1097 facundia,
677 1041 808 1099 sensimus,
821 1039 884 1099 orit,

307 1113 393 1164 Civica
405 1132 449 1180 pro
458 1115 555 1180 trepidis
566 1116 622 1165 crim
634 1118 690 1167 tulit
700 1134 765 1167 arma
773 1119 827 1165 reia.
945 1176 949 1188 1

275 1192 367 1241 Scimus
384 1196 423 1253 ot,
436 1190 466 1242 ad
477 1194 566 1243 nostras
577 1195 632 1244 crim
644 1196 666 1244 se
678 1195 735 1245 tulit
744 1198 848 1260 impetus
858 1205 918 1241 artes
925 1224 937 1251 ,

206 1296 209 1304 ι
307 1269 400 1335 ingenii
416 1285 511 1319 currant
526 1268 627 1321 flumina
636 1287 725 1337 quanta
737 1274 781 1321 tui.

228 1347 255 1395 ²5
276 1348 300 1397 Si
318 1346 375 1397 licet
387 1383 395 1409 ,
413 1352 438 1398 δι
449 1348 545 1404 faseli,
560 1358 624 1399 'vates
635 1366 689 1415 rege
699 1353 759 1401 vatis
771 1341 890 1401 habenas:

307 1426 407 1492 Auspice
420 1443 457 1489 te,
470 1428 527 1477 felix
538 1443 603 1478 totus
614 1444 640 1478 ut
650 1443 779 1478 annuerat.

275 1504 433 1556 TEMPORA
442 1504 559 1572 digereret
572 1506 628 1557 crim
639 1505 752 1573 conditor
762 1505 833 1555 Urbis
843 1540 851 1567 ,
861 1506 887 1554 in
896 1519 964 1553 anno

307 1581 439 1633 Constituit
454 1586 545 1634 menses
557 1590 663 1652 quinque
678 1582 767 1635 biseile
779 1586 832 1632 suo.

275 1659 371 1711 Scilicet
380 1678 445 1711 arma
456 1666 531 1727 magis
544 1698 553 1722 ‚
567 1681 641 1729 quam
651 1662 744 1723 sidera,
756 1662 860 1712 Romule
870 1694 879 1721 ,
889 1673 971 1709 noras.

229 1738 258 1785 ³⁰
285 1746 287 1753 '
307 1739 419 1807 Curaque
430 1739 545 1791 finitimos
554 1745 648 1790 vincere
659 1745 737 1806 major
744 1755 802 1790 erat.

276 1816 315 1867 Eli
328 1833 409 1868 tamen
419 1823 443 1869 δι
455 1822 533 1879 ratio,
545 1818 641 1875 Cesar,
652 1834 705 1886 quae
719 1815 914 1881 moveritrllum3

306 1896 463 1962 Erroremque
472 1899 541 1948 suum
548 1913 598 1963 quo
610 1911 702 1946 tueatur
709 1930 718 1956 ‚
734 1897 814 1947 haber.

274 1971 347 2034 Quod
358 1976 412 2024 iaris
423 1974 455 2023 est
466 2008 474 2034 ,
485 1989 555 2023 utero
563 1976 645 2023 matris
652 1971 710 2022 dum
722 1970 822 2037 prodeat
832 1968 928 2031 infans,

306 2052 359 2101 lloc
374 2067 437 2100 anno
452 2052 532 2101 statuit
543 2054 657 2116 temporis
667 2048 714 2099 effe
726 2053 790 2099 satis.

230 2136 255 2181 35
275 2128 319 2177 Per
329 2127 431 2177 totidem
441 2131 531 2178 menses
542 2146 555 2177 a
565 2129 648 2177 funere
657 2131 765 2193 conjugia
776 2143 836 2177 uxot

306 2198 440 2257 Suilinet'in
449 2205 522 2258 vidua
532 2207 605 2256 tristia
615 2210 681 2271 rigna
692 2203 777 2255 domo.

274 2283 328 2334 Hoc
343 2286 415 2349 igitur
425 2283 486 2335 vidit
494 2286 593 2334 trabeati
603 2300 659 2333 cura
668 2283 764 2344 Quirini
775 2316 788 2343 ,

306 2361 371 2413 Crim
380 2360 478 2411 rudibus
489 2362 583 2427 populis
592 2378 671 2412 annua
680 2365 732 2425 iura
738 2358 818 2411 daret.

273 2439 359 2489 Martie
374 2455 424 2489 erat
437 2443 527 2505 primur
541 2443 646 2495 mentis.
660 2440 805 2504 Venerisque
816 2435 953 2498 secundus;

225 2530 258 2575 40
307 2518 363 2566 Haec
374 2520 465 2583 generis
476 2520 584 2582 princeps
593 2552 602 2577 ,
612 2519 685 2581 ipsius
695 2516 736 2565 ille
747 2531 822 2583 pater.

276 2595 371 2645 Tertius
384 2612 397 2645 a
408 2595 518 2651 senibus,
533 2598 648 2661 juvenum
659 2594 689 2645 de
699 2597 797 2645 nomine
808 2609 925 2661 quartur,

308 2673 368 2733 Quae
385 2674 505 2739 sequitur,
519 2690 619 2723 numero
630 2675 699 2723 turba
709 2679 794 2723 notat'a
803 2673 859 2722 fuit.

275 2749 308 2805 At
319 2750 401 2799 Numa
410 2767 454 2800 nee
464 2751 550 2801 lanum
561 2787 570 2808 ‚
584 2768 629 2802 nec
644 2755 718 2801 avitae
727 2753 833 2816 praeterit
843 2749 958 2807 umbrar,

309 2826 432 2877 Mensibuc
442 2830 547 2894 antiquit
556 2831 712 2901 apposuitque
725 2826 795 2879 duos.

231 2921 260 2971 45
279 2904 329 2955 NE
341 2919 421 2953 tamen
430 2908 525 2971 ignores
534 2912 656 2957 variorum
663 2912 716 2974 jura
724 2909 832 2966 citrum,

184 3009 187 3017 =
246 2982 252 3003 ‘
307 2982 365 3033 Non
381 2984 453 3033 habet
462 2983 537 3035 officii
547 2985 643 3033 Lucifer
654 2988 733 3036 omnir
743 2982 818 3033 idem.

274 3061 318 3132 ille
332 3061 431 3111 nefastus
443 3064 507 3125 erit,
524 3079 650 3129 perquem
663 3066 709 3114 tria
718 3063 789 3115 rerba
797 3054 902 3113 'ailenurt
909 3077 932 3127 5„
963 3106 967 3112 .
