2334 3917
307 371 588 439 Tursnrvrr
616 366 719 434 Lrn.
747 367 800 434 II.
854 386 914 452 195

210 490 268 552 Quis
283 489 349 540 locus
361 490 393 539 est
402 488 496 555 templis
508 488 627 553 augustior
637 492 646 537 ἓ
657 490 708 537 hec
722 502 818 555 quoque
831 489 905 546 vitet,

242 570 270 618 ln
281 569 377 635 culpam
388 570 407 617 si
417 584 464 633 qua
474 567 507 616 est
517 556 640 631 ing'eniosa
649 569 724 616 snam.

210 647 274 699 Ctirn
285 646 375 697 steterit
388 647 454 697 iovis
462 644 529 705 aede,
541 646 606 693 iovis
615 646 733 693 succurret
742 647 768 694 in
777 642 842 700 aede,
1008 708 1012 715 ⁸

243 724 324 786 Quint
338 723 426 779 multas
438 737 525 773 matres
536 721 619 771 fecerit
628 722 670 770 ille
681 717 755 770 Deus.
927 742 975 785 ²90
1009 718 1012 725 '

211 802 322 852 Proxima
332 801 443 853 adoranti
453 802 556 851 Junonia
567 800 658 865 templa
665 800 769 861 subibit,

243 880 370 930 Pellicibus
380 879 463 929 multis
470 881 531 928 hanc
542 874 645 927 doluiss'e
652 876 739 926 Deam.

212 958 309 1010 Pallade
320 957 458 1023 constrati,
476 972 559 1006 natum
570 955 600 1005 de
612 956 712 1004 trirnine
722 958 791 1020 virgo

245 1038 369 1087 sustulerit
388 1053 475 1103 quare,
491 1050 580 1101 quaeret
589 1070 598 1095 ,
613 1032 808 1083 Erichthonium.

212 1115 311 1165 Venerit
321 1119 346 1165 in
357 1118 439 1180 magni
451 1112 568 1179 tempium
579 1148 587 1173 ,
602 1127 643 1161 tua
653 1128 767 1173 munera,
778 1109 879 1169 Martia
931 1118 975 1167 ²95

247 1197 298 1244 Stat
308 1193 389 1243 Venus
398 1192 480 1242 Ultori
490 1194 570 1257 juncia
577 1194 630 1242 viro
639 1205 693 1240 aute
704 1190 776 1239 foret.
864 1233 867 1241 .

213 1270 282 1321 leidis
294 1269 343 1320 aede
354 1268 451 1329 sedens,
462 1286 505 1333 cur
515 1271 575 1319 hanc
587 1269 711 1329 Saturnia,
726 1281 831 1334 queret,

245 1349 329 1413 Egerit
341 1349 411 1397 Ionio
421 1349 585 1413 Bosporioque
599 1349 669 1396 mari.

213 1426 243 1476 in
252 1427 345 1476 Venere
356 1427 468 1475 Anchises
477 1460 486 1487 ,
496 1428 522 1473 in
535 1424 604 1474 Luna
615 1424 721 1474 Latmius
733 1426 819 1485 heroe,

249 1504 275 1552 In
291 1502 379 1553 Cerere
389 1504 482 1562 Iarion,
494 1505 536 1568 qui
546 1501 679 1563 referatur,
691 1507 745 1552 erit.
936 1512 982 1561 300

217 1582 306 1631 Omnia
316 1582 433 1646 perversas
443 1576 540 1646 poffunt
551 1596 704 1646 corrumpere
714 1596 819 1631 mentes:

249 1662 318 1709 Stant
328 1673 408 1709 tamen
417 1659 460 1708 iila
470 1660 516 1708 suis
528 1662 611 1709 omnia
621 1674 673 1709 tuta
684 1659 752 1708 lotis.

217 1737 341 1803 Atprocui
353 1739 383 1785 ab
394 1736 480 1803 scripta
491 1736 548 1786 solis
559 1737 722 1786 meretricibus
733 1739 789 1786 Arte

251 1817 383 1865 Submovet
393 1817 506 1879 ingenuas
518 1818 605 1879 pagine
615 1817 692 1880 prima
701 1829 782 1864 nurus.

218 1895 383 1959 Quaecumque
395 1895 523 1957 irrumpit,
536 1890 585 1958 qui>
594 1908 644 1941 non
652 1894 708 1942 sinit
718 1894 752 1942 ire
763 1891 886 1956 sacerdos,
939 1890 981 1957 50⁸5

252 1974 363 2021 Protinus
374 1974 421 2021 hoc
431 1973 499 2030 vetiti
511 1972 618 2019 criminis
626 1973 676 2020 aeia
686 1987 725 2020 ren
733 1969 774 2020 est.

219 2050 269 2102 Nee
284 2065 365 2100 tamen
373 2048 405 2097 est
414 2048 506 2098 facinus
514 2049 606 2099 'molles
620 2050 730 2101 evolvere
740 2050 836 2101 versute

251 2127 332 2178 Multa
346 2127 403 2177 iicet
415 2127 481 2177 caste
490 2143 540 2176 non
551 2126 662 2177 facienda
671 2127 761 2195 legent.

219 2208 284 2271 Saepe
294 2204 412 2271 supercilii
423 2202 499 2253 nudas
507 2220 617 2256 matrona
627 2207 718 2267 severi,

253 2284 284 2332 Et
297 2284 393 2333 Veneri:
404 2282 488 2331 stantes
498 2280 528 2331 ad
539 2298 614 2347 genus
625 2300 716 2344 omne,
731 2283 807 2334 videt.
940 2310 985 2355 3¹0

220 2361 331 2426 Corpora
341 2360 445 2411 Vestales
462 2360 528 2409 oculi
541 2363 676 2410 meretricia
686 2376 786 2410 cernunt
797 2380 804 2407 t

227 2468 232 2479 ·
254 2438 307 2488 Nec
318 2436 420 2487 domino
434 2454 510 2503 poenae
521 2454 556 2487 res
567 2456 593 2487 ea
605 2441 674 2509 cauit
685 2439 740 2489 fuit.

220 2518 254 2567 At
263 2533 304 2566 cur
321 2519 346 2565 in
357 2516 434 2565 nostri
447 2519 523 2564 nimia
535 2516 567 2564 est
577 2515 673 2564 lascivia
684 2516 772 2566 Musa?

225 2620 229 2629 ·
254 2594 336 2645 Curve
346 2610 412 2642 meus
428 2596 540 2659 cuiquam
552 2591 635 2642 suadet
645 2609 723 2644 amare
734 2595 810 2647 liber?

222 2670 266 2721 Nil
278 2674 323 2720 nisi
333 2686 474 2736 peccatum,
485 2670 657 2737 manifestaque
666 2672 746 2738 cnipa,
756 2671 881 2726 fatendum
891 2674 984 2734 esr2315

254 2750 359 2801 Poenitet
369 2752 458 2815 ingenii
469 2748 600 2816 judiciique
614 2753 671 2799 mei.
745 2774 750 2783 ·

222 2828 274 2879 Cur
285 2844 353 2889 non,
365 2828 482 2893 Argolicis
492 2827 571 2893 potiris
582 2844 635 2894 qnae
646 2826 850 2892 conciditarmis,

257 2908 349 2957 Vexata
358 2906 390 2955 est
400 2910 489 2955 iterum
496 2900 618 2965 carenine,
630 2906 706 2972 Troja
719 2943 728 2969 ,
738 2911 810 2957 meo?

224 2984 276 3038 Cur
288 2987 352 3035 tacui
362 2985 473 3044 Thebas,
489 2988 513 3033 δι
526 2998 608 3032 mutua
619 2984 717 3035 vulnera
727 2983 845 3037 fratrum?

257 3064 288 3114 Et
302 3066 392 3130 septem
407 3076 504 3131 portas,
515 3062 558 3113 sub
572 3059 634 3111 duce
645 3079 768 3130 quamque
777 3065 840 3115 suo?
863 3114 867 3121 ,
941 3074 987 3123 320

789 3146 835 3214 rrj
