2334 3917
248 426 389 492 Error.
412 434 467 487 rx
491 417 644 486 Porro
666 412 705 479 L.
730 377 801 478 sV.
834 426 898 493 377

185 543 264 605 Quem
274 548 313 595 vix
325 544 442 593 incolumi
456 544 569 604 cuiquam
581 534 694 599 salvoque
705 530 812 590 daretis,

218 625 241 671 It
252 622 321 675 datus
332 623 423 672 avobis
433 620 466 669 est
476 620 536 667 mihi
547 631 621 679 nuper
631 616 718 661 honor.

186 702 255 751 Solus
267 701 344 751 adhuc
356 716 401 765 ego
413 700 465 747 sum
475 695 555 746 vestris
565 692 681 742 immunis
688 690 713 736 in
723 688 789 743 oris;

219 780 342 844 Exceptis,
354 780 423 843 siqui
434 789 532 824 munera
542 771 602 835 legis
609 768 705 816 habent.

187 857 309 921 Tempora
321 856 410 905 sacrati
422 870 474 902 mea
483 853 538 899 suut
547 848 627 898 velata
635 840 745 895 rotoni,
904 843 932 891 55

215 935 333 1006 'Publicus
345 936 422 983 invito
433 946 506 997 quam
518 926 584 977 favor
595 923 718 987 imposuit.

189 1012 270 1074 Quam
279 1028 346 1077 grata
359 1011 474 1075 elligitur
489 1008 586 1055 Latona·
598 1001 669 1050 Delia
680 995 751 1047 tellus
762 1027 772 1055 ,

220 1090 314 1139 Erranti
325 1105 404 1140 tutum
418 1102 470 1153 quae
479 1081 552 1139 ¹dedit
562 1097 610 1129 una
620 1079 702 1128 locum
711 1092 719 1131 3

189 1168 253 1218 Tam
266 1170 326 1217 mihi
340 1184 394 1217 cara
408 1166 509 1223 Tomis,
523 1157 600 1226 patrii
609 1170 662 1222 quc
674 1150 728 1201 sede
738 1146 827 1215 fugatis

223 1247 328 1310 Tempus
339 1243 427 1294 adhoc
439 1242 508 1291 nobis
521 1238 616 1301 hospita
627 1231 676 1282 fida
688 1241 780 1279 manet.
909 1220 943 1261 6⁰

191 1318 226 1370 Di
237 1318 312 1369 modo
323 1316 447 1368 fecissent!
459 1311 558 1379 placidie
569 1313 633 1377 spem
645 1302 722 1372 pollet
732 1303 819 1354 habere

224 1398 305 1458 Pacis,
318 1401 342 1448 ὃ(
354 1392 459 1461 agelido
469 1390 564 1457 longius
575 1404 617 1439 axe
629 1387 705 1435 soret.

200 1520 906 1593 omzaewgss-e-m

316 1662 658 1736 EPISTOLA
698 1656 783 1720 XV.

245 1816 478 1881 SEXTO
517 1799 850 1876 POMPEIO.

196 1938 235 2057 S
249 2026 258 2057 ι
270 2010 322 2075 quis
333 2006 411 2061 adhuc
422 2022 523 2073 utquam
532 2005 606 2055 nostri
620 2016 670 2052 non
680 2000 809 2049 immemor
820 1985 909 2044 exstat,
963 2034 966 2041 ,

226 2086 321 2147 Quidve
332 2087 448 2153 relegatus
456 2086 521 2136 Naso
532 2120 540 2145 ,
551 2085 666 2150 requirit,
677 2092 763 2143 agnini

193 2164 327 2216 Caesaribus
337 2169 428 2227 vitam,
439 2168 511 2215 Sexto
523 2163 609 2213 debere
620 2161 721 2211 salutem

226 2244 268 2292 Me
279 2246 352 2294 sciat:
366 2263 380 2295 a
391 2248 483 2311 Superis
494 2248 533 2294 hic
544 2244 605 2292 mihi
615 2242 706 2305 primus
716 2236 770 2282 erit.

197 2319 319 2385 Tempora
329 2338 385 2371 nam
396 2325 486 2373 miserae
497 2319 640 2385 eomplestar
652 2332 679 2364 ut
688 2313 771 2361 omnia
782 2307 855 2367 uitae,
930 2327 940 2372 ς

226 2398 247 2446 Α
263 2400 355 2447 meritis
370 2402 420 2464 ejus
433 2415 485 2463 pars
499 2400 559 2447 mihi
575 2395 643 2444 nulla
652 2406 729 2443 vacat.

194 2476 255 2538 Quae
265 2492 367 2527 numero
379 2490 416 2525 tot
426 2478 495 2536 sunt,
506 2490 566 2542 quot
577 2477 603 2523 in
614 2476 686 2521 horto
698 2471 782 2521 fertilis
792 2468 842 2517 arui

227 2557 315 2605 Punica
327 2555 369 2603 sub
380 2553 446 2603 leuto
457 2557 544 2605 corrice
556 2569 628 2618 grana
639 2553 734 2600 rubent.

192 2635 275 2687 Africa
290 2648 351 2700 quot
361 2636 463 2697 segetes,
476 2646 537 2699 quot
548 2630 647 2680 Tmolia
658 2644 718 2678 terra
731 2634 854 2685 racemos,

227 2716 295 2776 Quot
306 2714 394 2774 Sicyon
404 2714 503 2771 bareas,
518 2722 579 2775 quot
589 2709 652 2773 parit
662 2706 742 2770 Hybla
754 2706 830 2755 favos.
910 2717 940 2751 ιο

193 2790 331 2847 Confiteor.
343 2789 437 2839 Testere
448 2789 505 2837 licet
516 2806 522 2837 r
535 2789 625 2853 signate
636 2786 750 2847 Quirites.
902 2782 906 2788 ’

225 2881 268 2932 Nil
278 2894 338 2945 opus
352 2876 384 2925 est
394 2875 475 2941 legum
487 2876 576 2926 viribus
590 2893 596 2923 ε
608 2875 657 2939 ipse
668 2873 766 2940 loquor.

194 2962 259 3011 Inter
271 2973 328 3023 opes
340 2960 363 3005 ὁ(
376 2972 432 3014 me,
444 2970 616 3019 rem-parvam,
630 2968 692 3017 pone
703 2964 810 3016 paternas
822 2966 828 2996 t

228 3039 282 3085 Pars
294 3051 339 3100 ego
351 3037 396 3082 sim
407 3030 488 3082 census
500 3032 719 3098 quantulacumque
729 3030 773 3077 tui.

196 3114 277 3178 Quint
288 3128 329 3164 tua
338 3112 462 3167 Trinacria
472 3112 520 3176 esi,
533 3125 678 3178 regnataque
689 3123 750 3162 terta
759 3106 886 3175 Philippo,
912 3135 938 3182 ²5
