2334 3917
296 402 364 489 380
389 400 430 469 Ρ.
459 401 616 467 Ovrnrr
636 400 856 483 NAsours,
873 389 933 466 uc.

291 523 407 589 Musaque
418 521 520 573 Turrani
532 557 541 583 ,
553 524 650 587 tragicis
659 524 740 573 innixa
750 521 891 579 cothurnis,

247 618 277 663 ,ο
326 600 356 650 Et
369 617 409 651 rua
419 616 475 650 cum
489 602 559 651 focco
571 602 658 660 Musa,
670 597 859 653 Meliffe,1evis.

290 674 356 727 Cum
367 678 443 727 Varus
454 678 623 743 Gracchusque
636 675 720 726 darent
730 674 780 723 fera
790 672 853 724 dius
865 673 979 736 tyrannis

323 753 470 805 Callimachi
482 755 597 805 Proculus
607 753 682 803 molle
695 768 785 803 teneret
794 755 840 801 iter
852 769 860 801 a

291 830 390 895 Tityrus
400 836 508 899 antiquas
520 836 544 883 δι
556 836 656 899 eratqui
666 833 771 898 pasceret
780 829 883 890 herbar,

325 914 434 979 Aptaque
445 916 540 961 venanti
551 913 647 961 Gratius
657 926 725 959 arma
734 906 811 958 daret.

246 994 272 1043 il
293 988 383 1042 Naidas
394 1008 409 1039 a
419 993 506 1053 Satyris
516 1005 611 1039 caneret
620 990 741 1039 Fontanus
753 999 863 1043 amatas,

326 1067 456 1121 Clauderet
469 1071 600 1133 imparibus
610 1068 683 1117 verba
693 1066 795 1131 Capella
803 1059 894 1110 modis.

294 1146 407 1213 Cumque
419 1146 497 1195 forent
508 1145 567 1205 alii,
579 1159 683 1209 quorum
693 1146 753 1193 mihi
764 1150 847 1195 cunda
857 1149 948 1197 referre

326 1223 433 1273 Nomina
443 1223 515 1287 longa
524 1238 593 1271 mora
603 1221 650 1281 est,
661 1224 767 1271 caturina
776 1225 862 1289 vulgus
873 1228 968 1285 habet3

293 1300 374 1353 Effenc
386 1306 410 1351 δι
422 1306 532 1365 juvenes,
542 1315 662 1365 quorum,
673 1297 741 1365 quud
751 1299 841 1351 inediti
851 1318 909 1352 cura
918 1304 971 1364 est,

246 1399 280 1447 4⁰
329 1377 534 1444 Appellandorum
548 1376 583 1426 nil
594 1380 656 1425 milri
665 1382 722 1443 juris
733 1377 796 1427 adest
806 1398 813 1428 e

295 1458 330 1507 Te
341 1460 455 1506 tamenin
466 1458 535 1505 turba
545 1472 596 1505 non
605 1459 680 1505 ausim
691 1492 699 1515 ‚
711 1455 801 1516 Corra,
813 1459 898 1518 sileres

327 1534 447 1585 Pi'e‘ridurn
457 1535 553 1589 lumen,
565 1534 749 1600 praesidiumque
759 1534 816 1583 fori.

294 1614 417 1665 Maternus
427 1614 514 1665 Cottas
524 1618 561 1663 cui
570 1650 580 1670 ,
593 1610 762 1679 Meilallatque
771 1627 900 1678 paternos,

328 1694 436 1745 Maxima
446 1692 558 1743 nobilitas
569 1694 714 1757 ingeminata
725 1689 801 1740 dedit.

246 1796 276 1845 45
295 1770 381 1821 Dicere
390 1775 409 1820 si
424 1771 457 1819 fas
468 1772 515 1831 eil,
528 1770 594 1819 claro
604 1786 658 1819 mea
667 1770 765 1818 nomine
775 1769 862 1828 Musa,

328 1852 407 1915 Atque
417 1852 479 1899 inter
490 1863 585 1909 tantos,
597 1864 650 1914 quae
661 1847 794 1911 legeretur,
805 1860 865 1895 erar.

295 1926 359 1993 Ergo
370 1928 508 1977 submotum
519 1927 595 1993 patrii
607 1924 771 1991 proscindere,
783 1926 874 1983 livor,
902 1943 907 1949 ·

329 2006 430 2065 Desine3
443 2022 488 2055 neu
500 2010 589 2055 cineres
601 2007 700 2070 sparge,
712 2018 826 2064 cruente,
837 2020 914 2052 meos.

297 2084 385 2133 Omnia
395 2082 559 2148 perdidimus:
571 2081 743 2132 tantummodo
753 2084 802 2132 vita
813 2081 892 2130 relista
903 2082 937 2132 est
946 2085 964 2144 ,'

251 2183 281 2235 5⁰
328 2162 434 2210 Praebeat
446 2175 472 2209 ut
482 2162 575 2209 sensum
586 2163 759 2225 materiamque
770 2158 847 2208 malis.

299 2237 364 2302 Quid
375 2241 441 2303 juvat
451 2238 573 2287 exstinctos
585 2236 675 2286 ferrum
687 2235 813 2288 derrrittere
824 2241 848 2285 in
858 2242 940 2291 arturi

332 2316 389 2369 Nun
399 2317 472 2367 habet
482 2318 507 2365 ln
517 2318 587 2365 nobis
597 2319 646 2383 jam
655 2331 720 2368 nora
730 2316 801 2381 plaga
810 2315 901 2366 locum.

362 2462 619 2517 EPISTOLARUM
634 2461 690 2515 EX
701 2462 823 2519 Pomo
839 2460 949 2520 rller

535 2766 778 2883 uuluae
