2334 3917
280 412 555 479 Tursururr
588 403 685 471 liu.
720 403 789 471 III.
835 421 907 492 209,

223 526 307 582 Finitis
315 528 391 596 gaude
400 543 438 578 tot
445 529 505 577 mihi
517 540 596 575 motre
606 523 685 576 malis.

192 603 273 667 Quini
290 619 358 671 potes
372 638 380 662 ,
391 615 492 651 extenua
501 599 560 648 forti
570 597 635 648 mala
645 593 718 645 corde
730 593 848 654 ferend03

224 683 263 733 Ad
277 699 329 749 qu:
341 686 390 746 Jam
401 677 495 745 pridem
503 692 553 725 non
562 673 620 724 rude
632 677 710 738 peetus
718 677 798 724 habes.

190 762 270 826 'Atque
281 762 373 808 utinam
381 771 478 822 pereant
488 756 574 803 unimae
584 746 640 800 cum
653 768 752 815 corpore
761 751 858 800 nollrae!

223 832 376 898 Effugintque
385 828 468 879 avidos
478 842 530 892 pars
541 827 603 875 mihi
613 824 679 872 nulla
688 824 775 886 rogos!

190 913 254 961 Nam
268 914 288 960 ei
294 945 302 970 ,
315 923 394 958 morte
403 922 483 956 carens
492 940 501 966 ,
510 919 610 954 vacuam
622 901 689 952 volat
699 902 761 950 altus
771 902 797 950 in
807 917 888 951 aurem

223 992 338 1054 Spiritus,
351 991 376 1036 δι
388 988 462 1036 Samii
472 987 526 1033 sunt
536 997 588 1032 rate
598 978 661 1030 dista
671 980 748 1037 senis3

191 1068 257 1117 luter
271 1068 412 1116 Sarmaticae
419 1064 528 1112 Romana
538 1059 663 1124 vagabitur
674 1057 786 1118 umbras,

222 1147 313 1210 Perque
324 1143 386 1192 feros
397 1155 478 1190 manes
489 1139 584 1202 hospita
594 1138 685 1200 semper
696 1139 749 1185 crit.
787 1131 789 1136 ’

190 1221 248 1273 oua
263 1237 344 1271 tamen
354 1219 428 1269 facito
440 1216 513 1282 parvi
527 1212 660 1269 referantur
672 1215 697 1260 in
709 1211 777 1262 ueni.
921 1235 948 1286 ⁶5

222 1305 260 1351 Sic
272 1317 318 1365 ego
328 1315 378 1348 uon
388 1300 461 1346 etiem
468 1309 577 1343 mortuus
588 1290 652 1340 exsul
661 1307 711 1340 ero.

188 1379 240 1429 Nec
251 1393 316 1428 vetat
326 1379 373 1425 hoc
384 1378 511 1440 quisquam
520 1370 633 1426 :fratrem
645 1369 759 1435 Thoana
768 1381 902 1432 peremtum

221 1456 350 1521 supposuit
361 1451 471 1511 tumulo,
487 1451 552 1515 Rege
563 1462 676 1506 vetante,
690 1447 767 1495 sotor.

188 1537 266 1601 Atque
277 1550 304 1583 ea
314 1548 371 1581 tum
381 1529 448 1580 foliis
461 1532 486 1578 ὃ(
497 1529 589 1576 amomi
601 1525 698 1591 pulvere
706 1524 779 1573 misce
791 1558 800 1586 ‚

220 1615 295 1680 Inque
305 1604 545 1660 suburbanocondita
555 1621 618 1670 poue
625 1603 687 1653 solo.
919 1597 950 1669 7'0

187 1692 301 1758 Quosque
311 1689 376 1753 legat
386 1687 463 1737 versor
474 1683 547 1734 oculo
557 1695 698 1748 properante
710 1681 789 1730 viator
799 1714 809 1742 ,

218 1766 354 1821 Grandibut
365 1768 391 1814 iu
402 1762 490 1814 tumuli
499 1776 619 1811 marmore
627 1757 692 1808 caede
702 1760 776 1806 nocis.

186 1847 235 1899 Hic
253 1862 299 1912 ego
316 1846 358 1911 qui
370 1845 456 1911 jaceo,
471 1854 607 1890 tenerorum
620 1836 684 1886 lusor
697 1851 825 1896 amotum,

218 1926 319 1990 Ingenio
326 1925 386 1988 perii
397 1920 462 1970 Naso
473 1923 544 1983 po'c'ta
553 1933 620 1966 meo.

185 2004 216 2054 At
231 2005 276 2052 tibi
293 2002 489 2067 qui·trantie,ne
500 1999 532 2046 eit
540 2012 626 2061 grave,
642 1995 748 2060 quisquis
759 1993 854 2048 arnalli,
914 2016 944 2067 75

217 2081 319 2137 Dicere,
332 2078 433 2128 Nasonis
443 2074 551 2126 molliter
561 2071 612 2123 offa
622 2076 717 2122 cubent.

182 2159 237 2209 Hoc
250 2160 304 2206 satis
314 2160 340 2205 in
351 2154 423 2205 titulo
432 2154 465 2202 est
475 2172 483 2202 t
495 2155 584 2202 etenim
596 2155 686 2218 majora
698 2151 791 2213 libelli,

215 2237 246 2285 Et
263 2234 374 2284 diuturna
384 2235 461 2298 magis
467 2233 521 2282 lunt
530 2246 688 2280 monumenta
697 2234 755 2279 mei.

183 2315 250 2375 Quos
266 2330 311 2377 ego
326 2309 439 2369 conlido,
450 2312 558 2376 quamvis
568 2325 671 2359 nocuere
683 2343 690 2368 ,
700 2306 797 2357 daturos

214 2392 330 2450 Nomen,
350 2392 375 2437 δι
390 2391 480 2436 ιιιᾶοῐί
493 2402 602 2451 tempora
617 2386 690 2450 longo
700 2388 752 2435 suo.
913 2395 945 2448 82

180 2475 218 2522 Tu
231 2485 312 2520 temen
323 2469 435 2517 exstineto
446 2467 529 2517 feralia
540 2482 639 2516 munera
650 2465 728 2523 ferto;

211 2550 298 2613 Deque
314 2549 359 2594 ruis
375 2545 487 2607 lacrymis
496 2542 596 2596 humida
607 2546 666 2592 serta
678 2541 746 2592 dato.
846 2533 851 2540 ⁶

180 2627 294 2688 Quamvis
308 2626 334 2672 in
351 2627 456 2672 cinerem
466 2640 551 2688 corpus
564 2623 693 2671 mutaverit
703 2623 779 2686 ignis.

211 2706 302 2753 Sentiet
311 2701 418 2750 officium
432 2701 511 2751 mesto
522 2698 606 2752 favilla
616 2702 692 2764 pium.

75 2764 76 2781 l
178 2783 284 2832 Scribere
299 2780 366 2844 plura
374 2780 434 2829 libet
442 2799 448 2827 :
457 2777 497 2828 sed
506 2795 555 2829 vox
566 2779 626 2827 mihi
637 2774 695 2826 fella
706 2772 828 2841 loquendo
891 2768 901 2787 l
910 2786 937 2852 85

167 2871 170 2874 ’
209 2856 324 2907 Druandt
341 2860 422 2912 vires,
443 2860 551 2922 siccaque
562 2857 661 2920 lingua,
681 2868 761 2919 negat.

177 2941 266 3001 Accipe
275 2939 386 3000 supremo
397 2934 487 2984 dic'ium
498 2937 559 2982 mihi
570 2933 669 2983 forsitan
684 2949 743 2986 ore,

208 3011 298 3078 Quod,
315 3014 360 3065 tibi
369 3017 412 3082 qui
421 3015 515 3075 mittit,
532 3011 664 3064 nonhabet
679 3011 746 3078 ipse,
759 3009 828 3062 Vale.
