2334 3917
291 399 592 466 FAsronura
618 392 716 459 Lrn.
741 391 772 459 l.
849 410 891 474 17

209 517 290 567 Festus
301 520 361 577 etit,
372 531 495 581 perquem
508 514 559 578 iege
570 514 653 563 licebit
665 514 712 577 agi.

175 593 230 642 Neu
243 609 298 644 coto
310 594 410 660 perstare
421 591 460 642 die
469 594 509 641 sua
518 596 570 656 jura
582 590 689 655 putitiu

209 672 258 731 Qui
274 676 324 737 jam
336 671 405 721 fastus
417 673 476 729 eric,
493 684 563 716 mane
573 667 676 716 nefastus
685 679 746 714 erat·
912 667 943 714 5⁰

176 748 242 797 Nam
257 748 330 797 simul
339 763 392 800 exta
400 746 454 796 Deo
468 744 604 799 derasum,
618 744 762 791 iicetotnnia
772 740 834 800 sari5

208 828 336 892 Verbaque
345 828 476 875 honoratus
486 823 561 872 libera
572 836 659 887 ptaetot
667 820 747 868 habet.

174 902 214 950 Est
223 918 339 969 quoque,
350 918 400 969 quo
410 900 526 967 populum
538 903 575 964 jue
586 898 619 947 est
626 895 748 947 includere
755 895 842 959 [φὼς

206 978 247 1028 Est
257 995 374 1046 quoque,
388 982 430 1045 qui
440 994 506 1028 nono
517 978 609 1042 semper
620 976 650 1024 ab
660 975 718 1024 orbe
728 970 799 1022 redit.

173 1055 291 1106 Vindicat
306 1059 421 1106 Ausonias
433 1056 533 1105 lunonis
548 1068 606 1102 cura
621 1048 750 1111 :alendus

206 1133 290 1183 Idibus
300 1134 355 1185 alba
368 1134 423 1185 Jovi
433 1130 546 1199 grandior
557 1146 618 1196 agna
629 1128 703 1179 cadit.

173 1212 302 1262 Nonarum
312 1212 388 1261 nitela
398 1210 453 1259 Deo
464 1224 546 1259 caret:
557 1209 670 1257 omnibus
682 1207 749 1265 istit,

208 1289 246 1337 Ne
263 1288 347 1338 saliare
358 1304 431 1347 cave,
447 1290 569 1352 proximus
581 1286 638 1334 Ater
648 1287 701 1333 etit.

173 1364 256 1415 Omen
266 1367 297 1415 ab
306 1382 393 1418 eventu
403 1365 452 1414 est:
466 1365 514 1414 iilis
525 1380 583 1414 nant
595 1365 673 1413 Roma
682 1360 766 1411 diebus

204 1444 304 1513 Damna
314 1445 357 1493 sub
367 1442 465 1493 adverso
477 1442 550 1493 tristia
559 1442 639 1491 Marce
650 1439 715 1489 tulit.

175 1520 235 1570 Haec
246 1524 308 1571 mihi
318 1521 380 1571 dicia
389 1520 476 1581 semel,
490 1524 547 1570 totis
557 1521 670 1569 iraerentia
680 1516 767 1571 Fastis.

207 1597 245 1647 Ne
257 1600 341 1648 seriem
351 1614 431 1647 rerum
441 1596 548 1647 scindere
556 1612 642 1662 cogat,
658 1608 736 1644 erunt.

175 1673 281 1726 ECCE
293 1677 338 1724 tibi
353 1675 470 1735 faustum,
487 1676 646 1735 Germanice,
660 1675 756 1722 nuntiat
766 1685 871 1727 annum,

207 1751 283 1817 Inque
294 1768 349 1801 rntn
359 1754 448 1817 primur
459 1754 563 1803 carmine
573 1752 643 1801 ianus
653 1748 725 1800 adest.

173 1828 231 1877 stne
248 1831 341 1896 biceps,
361 1835 416 1880 anni
427 1830 497 1881 taciti
509 1832 609 1880 labencit
620 1833 708 1893 origo,

205 1906 276 1956 Solus
289 1906 320 1957 de
330 1909 423 1972 Superis
433 1912 476 1975 qui
489 1924 529 1957 tua
541 1922 608 1973 terga
617 1904 700 1963 rider3
761 1918 764 1922 ·

174 1983 267 2034 Dexter
277 1982 332 2035 ades
348 1982 465 2046 ducibus,
477 2002 580 2051 quorum
591 1985 672 2035 secura
681 1982 781 2041 labore,

206 2063 263 2112 Otia
275 2078 335 2113 tetra
343 2063 423 2124 setar,
435 2068 487 2113 otia
498 2078 585 2128 pontus
596 2065 654 2127 agit.

174 2140 267 2189 Dexter
277 2138 331 2190 ades
342 2142 496 2207 Partibusque
507 2145 570 2195 tuis,
583 2138 723 2205 Populoque
733 2138 843 2198 Quirini3

205 2217 237 2266 Ec
246 2219 320 2267 resera
329 2232 389 2267 nutu
400 2216 500 2267 candida
509 2218 599 2283 templa
609 2234 660 2267 tuo.

172 2293 285 2359 Prospera
293 2293 333 2343 lux
343 2298 420 2344 oritur
433 2314 438 2341 =
451 2296 585 2361 linguisque
594 2298 727 2361 animisque
738 2294 824 2343 favete.

205 2370 277 2421 Nunc
292 2369 394 2421 dicenda
407 2372 473 2422 bono
483 2375 538 2423 sunt
548 2374 611 2423 bona
620 2375 692 2425 verba
699 2372 747 2423 die.

171 2448 224 2497 Lite
237 2464 322 2499 vacent
332 2464 415 2507 auree3
429 2450 556 2515 insanaque
568 2454 677 2515 protinus
690 2452 768 2501 absint

171 2526 268 2590 iurgia:
281 2523 353 2575 differ
363 2542 439 2590 opus,
452 2524 526 2576 livida
537 2526 633 2591 singna,
646 2542 724 2576 tuum.

171 2600 274 2657 Cernis,
290 2600 398 2653 odoratis
409 2618 435 2651 ur
443 2603 521 2653 luceat
530 2607 626 2668 ignibus
636 2606 730 2653 retheri

202 2681 233 2730 Et
245 2683 314 2730 sonet
322 2683 425 2729 accensis
437 2684 500 2746 spica
510 2680 597 2733 Cilissa
608 2682 686 2731 focis?

169 2759 279 2809 Flamma
289 2760 367 2808 nitore
378 2759 420 2807 suo
432 2760 576 2824 templorum
588 2760 697 2810 verberat
707 2772 808 2820 autum,

201 2836 232 2887 Et
243 2835 374 2886 tremulum
385 2837 478 2887 summi
492 2840 578 2902 spargit
586 2841 612 2886 in
621 2833 672 2885 aede
681 2837 760 2901 jubat.

168 2914 278 2964 Vestibus
292 2915 384 2963 incastis
397 2914 508 2979 Tarpeias
519 2917 566 2964 itur
574 2918 598 2964 in
607 2931 684 2973 arcera

199 2991 232 3039 Et
243 2989 346 3054 populus
357 2989 415 3041 sesto
427 2990 543 3040 concolor
553 2995 602 3057 ipse
613 2995 655 3041 suo
667 2993 708 3042 est.

168 3070 270 3141 Jamque
279 3070 338 3121 novi
348 3084 453 3135 preeunt
461 3069 534 3120 fascea
543 3104 551 3132 ‚
561 3086 625 3125 nova
634 3086 739 3142 purpura
746 3069 842 3141 fuiget-3
