2334 3917
258 335 333 417 ¹376'
404 328 446 399 P.
470 332 627 398 Ovrmr
646 334 845 403 NAsours

258 452 323 521 Ergo
335 471 380 521 ego
391 452 484 507 eell'abo
495 471 629 523 numquam
638 474 679 522 per
690 460 795 506 earmina
806 454 876 511 laedi,

290 534 378 584 Pleuar
389 537 413 583 &
425 537 522 584 incauto
532 536 625 599 semper
636 537 665 584 ab
676 538 788 600 iugenio?

257 610 320 676 Ergo
330 626 392 675 ego,
403 627 432 661 ue
444 613 544 661 scribam
554 648 562 671 ,
572 610 661 677 digitos
671 611 775 662 incidere
787 615 885 661 cunslot
897 618 909 665 ἒ

209 709 240 744 ιο
287 689 393 754 Telaque
403 687 481 739 adhuc
491 687 605 748 demens,
617 706 670 755 quae
679 706 796 748 nocuere,
810 692 913 755 sequor?

255 766 294 821 ‚ld
304 782 395 817 veteres
406 768 515 833 scopulos
523 772 610 818 iterum
620 768 746 827 devertor,
759 766 790 817 ad
800 766 853 816 illas
865 802 874 826 ,

289 844 317 895 ln
328 848 413 913 quibus
420 844 524 896 offendit
534 847 649 913 naufraga
657 851 756 913 puppis,
768 862 850 912 aquas.

256 922 303 974 Sed
313 924 374 975 nihil
385 923 470 977 admisi
482 944 488 973 ι
500 926 567 975 nulla
577 926 610 973 est
620 942 673 974 mea
684 925 766 990 culpe,
778 926 901 983 ‘lomim

289 1003 357 1064 Quor
367 1020 429 1069 ego,
442 1002 496 1052 stim
508 1002 561 1053 loca
571 1007 616 1052 sim
625 1003 700 1053 velita
710 1003 820 1067 perosus,
831 1018 899 1052 amo.

211 1100 238 1149 ²5
259 1077 366 1139 Quilibet
376 1082 480 1129 excutiat
488 1078 560 1128 nostri
572 1093 728 1127 monumenta
739 1077 845 1137 laboris,

291 1154 369 1204 Litera
380 1153 409 1204 de
419 1158 487 1205 vobis
499 1155 530 1204 eil
541 1170 594 1203 mea
604 1153 684 1219 questa
694 1151 765 1200 nihil.

256 1232 352 1297 Frigus,
365 1238 390 1283 δι
400 1236 506 1283 incursus
514 1235 581 1283 omni
592 1229 621 1279 de
630 1245 697 1296 parte
707 1226 844 1285 timendos,

289 1311 320 1361 Et
331 1310 396 1377 quod
407 1312 511 1377 pulsetur
519 1326 600 1358 murus
610 1309 639 1357 ab
647 1308 729 1366 hoste,
740 1323 836 1372 queror.

256 1387 284 1437 ln
296 1388 365 1449 loca,
378 1405 428 1437 non
439 1390 564 1446 homines,
575 1389 698 1437 verissima
708 1387 808 1434 crimina
819 1382 870 1432 diti
882 1402 890 1435 r

212 1494 241 1543 ⁵⁹
255 1462 836 1609 2,illstl{lllqllll‘tssllil'iflm

289 1624 351 1673 Ausa
361 1622 393 1672 est
404 1622 514 1687 agricole
528 1621 598 1671 Musa
609 1616 694 1668 docere
706 1618 776 1666 senis.

256 1702 288 1751 At
298 1700 375 1751 fuerat
385 1700 446 1750 terri
456 1703 563 1767 genitus,
575 1701 617 1764 qui
625 1698 733 1759 scripsit,
745 1698 771 1742 in
780 1693 841 1743 illa:

288 1782 406 1831 intumuit
416 1782 465 1829 vari
475 1795 517 1828 uec
530 1792 611 1827 tamen
622 1777 693 1823 Ascra
703 1774 754 1822 suo.

212 1881 238 1926 35
259 1860 318 1922 Quis
328 1862 430 1925 patriam
444 1857 538 1907 sollerte
549 1858 625 1920 magis
636 1852 719 1902 dilexit
728 1846 829 1914 Ulyllei

289 1940 343 1989 Hoc
355 1952 436 1989 tamen
448 1938 558 2001 asperitas
569 1931 648 1983 indice
663 1945 721 1981 nota
732 1929 779 1978 loci
790 1927 832 1977 eli.

255 2016 314 2066 Non
326 2016 395 2075 loca,
410 2012 449 2063 sed
458 2030 536 2063 mores
545 2011 612 2061 diuis
622 2013 716 2061 vexavit
727 2010 812 2057 amaris

287 2096 393 2158 Scepsius
402 2092 537 2151 Ausonios,
548 2093 645 2154 asiaque
660 2090 738 2137 Roma
747 2102 786 2135 rea
796 2084 837 2133 est.

255 2172 322 2223 falsa
331 2185 412 2221 tamen
424 2164 488 2234 palla
498 2167 530 2217 est
540 2166 608 2231 requi
619 2167 727 2214 convicia
739 2177 819 2212 mente
826 2194 835 2220 ,

207 2272 239 2317 4⁰
288 2250 375 2301 obfuit
385 2250 473 2298 auctori
483 2263 527 2295 nec
539 2244 588 2294 fera
597 2245 679 2308 lingua
690 2245 741 2292 suo.

255 2333 286 2381 At
295 2329 372 2379 malus
382 2330 510 2392 interpres,
520 2322 604 2390 populi
613 2324 674 2370 mihi
684 2322 790 2369 concitat
804 2321 866 2367 irem
876 2354 885 2379 ,

286 2409 365 2475 Inque
375 2422 466 2456 novum
478 2407 567 2453 crimen
578 2403 683 2450 carmina
693 2396 771 2447 nostra
781 2412 861 2446 rocas.

255 2486 317 2535 Tam
328 2484 385 2535 felix
396 2488 503 2542 utinam,
513 2480 589 2548 quim
599 2481 692 2544 pestore
704 2473 834 2536 candidus,
846 2472 937 2525 essem!

287 2564 366 2613 Exstat
374 2562 451 2612 adhuc
461 2575 533 2610 nemo
544 2560 635 2607 saucius
646 2572 686 2605 ore
697 2571 762 2603 meo.

205 2654 235 2700 45
256 2639 337 2700 Adule,
348 2637 415 2707 quod
426 2637 522 2701 lllyrict
530 2638 549 2684 si
559 2638 609 2701 jam
619 2637 671 2698 pice
680 2634 771 2695 nigrior
781 2628 871 2692 ell'em,

288 2719 345 2769 Non
356 2714 487 2768 mordenda
497 2717 557 2765 mihi
567 2710 642 2761 turba*
647 2708 723 2759 fidelis
734 2724 793 2758 erat.

254 2798 364 2848 Molliter
375 2815 388 2847 a
398 2798 465 2845 vobis
474 2809 527 2842 mea
537 2794 586 2841 sors
597 2803 708 2853 excepta,
719 2788 840 2847 Tomitae,

287 2878 349 2925 Tam
360 2879 429 2925 mites
438 2874 522 2939 Grsjos
535 2868 626 2919 indicat
635 2864 681 2916 else
691 2868 763 2915 viros.

255 2953 318 3002 Gens
332 2968 385 3001 mea
397 2950 505 3015 Peligni,
516 2950 629 3012 regioque
640 2942 767 2992 domestica
777 2937 882 3002 Sulmo,

207 3069 239 3118 5⁰
287 3031 345 3081 Non
356 3030 437 3096 potuit
449 3027 534 3078 nostris
546 3024 623 3075 lenior
634 3018 680 3073 effe
693 3017 774 3071 melu.
