<?xml version="1.0" encoding="UTF-8"?>
<!DOCTYPE html PUBLIC "-//W3C//DTD XHTML 1.0 Transitional//EN"
    "http://www.w3.org/TR/xhtml1/DTD/xhtml1-transitional.dtd">
<html xmlns="http://www.w3.org/1999/xhtml" xml:lang="en" lang="en">
 <head>
  <title>
</title>
<meta http-equiv="Content-Type" content="text/html;charset=utf-8" />
  <meta name='ocr-system' content='tesseract 3.04.00' />
  <meta name='ocr-capabilities' content='ocr_page ocr_carea ocr_par ocr_line ocrx_word'/>
</head>
<body>
  <div class='ocr_page' id='page_1' title='image "./povidiinasoniso05ovidgoog_0235.png"; bbox 0 0 2334 3917; ppageno 0'>
   <div class='ocr_carea' id='block_1_1' title="bbox 650 285 656 310">
    <p class='ocr_par' dir='ltr' id='par_1_1' title="bbox 650 285 656 310">
     <span class='ocr_line' id='line_1_1' title="bbox 650 285 656 310; baseline 0 0"><span class='ocrx_word' id='word_1_1' title='bbox 650 285 656 310; x_wconf 75' lang='lat' dir='ltr'>l</span> 
     </span>
    </p>
   </div>
   <div class='ocr_carea' id='block_1_2' title="bbox 277 333 925 440">
    <p class='ocr_par' dir='ltr' id='par_1_2' title="bbox 277 333 925 440">
     <span class='ocr_line' id='line_1_2' title="bbox 277 333 925 440; baseline -0.019 -14"><span class='ocrx_word' id='word_1_2' title='bbox 277 333 673 426; x_wconf 62' lang='lat' dir='ltr'>ansrrurr&#39;lrn.</span> <span class='ocrx_word' id='word_1_3' title='bbox 702 349 771 418; x_wconf 89' lang='lat' dir='ltr'><em>III.</em></span> <span class='ocrx_word' id='word_1_4' title='bbox 818 371 882 440; x_wconf 87' lang='lat'>225</span> <span class='ocrx_word' id='word_1_5' title='bbox 923 421 925 426; x_wconf 52' lang='grc'><strong>,</strong></span> 
     </span>
    </p>
   </div>
   <div class='ocr_carea' id='block_1_3' title="bbox 103 472 935 2864">
    <p class='ocr_par' dir='ltr' id='par_1_3' title="bbox 103 472 935 2864">
     <span class='ocr_line' id='line_1_3' title="bbox 204 472 718 543; baseline -0.012 -16"><span class='ocrx_word' id='word_1_6' title='bbox 204 473 269 527; x_wconf 87' lang='lat' dir='ltr'>Nam</span> <span class='ocrx_word' id='word_1_7' title='bbox 280 477 364 543; x_wconf 88' lang='lat' dir='ltr'>procul</span> <span class='ocrx_word' id='word_1_8' title='bbox 378 476 489 524; x_wconf 89' lang='lat' dir='ltr'>aGetlco</span> <span class='ocrx_word' id='word_1_9' title='bbox 498 473 568 523; x_wconf 88' lang='lat' dir='ltr'>litore</span> <span class='ocrx_word' id='word_1_10' title='bbox 578 476 634 524; x_wconf 84' lang='lat' dir='ltr'>vitis</span> <span class='ocrx_word' id='word_1_11' title='bbox 646 472 718 522; x_wconf 83' lang='lat' dir='ltr'>abest.</span> 
     </span>
     <span class='ocr_line' id='line_1_4' title="bbox 103 552 935 623; baseline -0.011 -16"><span class='ocrx_word' id='word_1_12' title='bbox 103 557 106 562; x_wconf 82' lang='grc'>’</span> <span class='ocrx_word' id='word_1_13' title='bbox 174 554 278 622; x_wconf 86' lang='lat' dir='ltr'>Quoque</span> <span class='ocrx_word' id='word_1_14' title='bbox 291 556 347 605; x_wconf 90' lang='lat' dir='ltr'>loco</span> <span class='ocrx_word' id='word_1_15' title='bbox 357 554 390 603; x_wconf 87' lang='lat' dir='ltr'>est</span> <span class='ocrx_word' id='word_1_16' title='bbox 405 554 489 606; x_wconf 84' lang='lat' dir='ltr'>arbor,</span> <span class='ocrx_word' id='word_1_17' title='bbox 507 553 619 615; x_wconf 80' lang='lat' dir='ltr'>turgescit</span> <span class='ocrx_word' id='word_1_18' title='bbox 628 554 653 600; x_wconf 89' lang='lat' dir='ltr'>in</span> <span class='ocrx_word' id='word_1_19' title='bbox 660 552 742 601; x_wconf 86' lang='lat' dir='ltr'>arbore</span> <span class='ocrx_word' id='word_1_20' title='bbox 751 566 844 604; x_wconf 82' lang='lat' dir='ltr'>ramus:</span> <span class='ocrx_word' id='word_1_21' title='bbox 907 577 935 623; x_wconf 87' lang='lat'>¹5</span> 
     </span>
     <span class='ocr_line' id='line_1_5' title="bbox 207 626 761 696; baseline -0.011 -14"><span class='ocrx_word' id='word_1_22' title='bbox 207 633 271 682; x_wconf 84' lang='lat' dir='ltr'>Nam</span> <span class='ocrx_word' id='word_1_23' title='bbox 285 631 370 696; x_wconf 92' lang='lat' dir='ltr'>procul</span> <span class='ocrx_word' id='word_1_24' title='bbox 385 646 400 678; x_wconf 91' lang='lat' dir='ltr'>a</span> <span class='ocrx_word' id='word_1_25' title='bbox 410 630 501 680; x_wconf 87' lang='lat' dir='ltr'>Geticis</span> <span class='ocrx_word' id='word_1_26' title='bbox 512 626 599 676; x_wconf 85' lang='lat' dir='ltr'>finibus</span> <span class='ocrx_word' id='word_1_27' title='bbox 609 629 679 676; x_wconf 78' lang='lat' dir='ltr'>arbor</span> <span class='ocrx_word' id='word_1_28' title='bbox 691 629 761 677; x_wconf 85' lang='lat' dir='ltr'>abest.</span> 
     </span>
     <span class='ocr_line' id='line_1_6' title="bbox 174 703 739 772; baseline -0.011 -12"><span class='ocrx_word' id='word_1_29' title='bbox 174 711 230 760; x_wconf 82' lang='lat' dir='ltr'>Oria</span> <span class='ocrx_word' id='word_1_30' title='bbox 241 726 304 759; x_wconf 85' lang='lat' dir='ltr'>nunc</span> <span class='ocrx_word' id='word_1_31' title='bbox 316 708 367 757; x_wconf 87' lang='lat' dir='ltr'>istic</span> <span class='ocrx_word' id='word_1_32' title='bbox 379 726 386 756; x_wconf 74' lang='grc' dir='ltr'><strong><em>ε</em></strong></span> <span class='ocrx_word' id='word_1_33' title='bbox 397 709 530 772; x_wconf 69' lang='lat' dir='ltr'>junilisque</span> <span class='ocrx_word' id='word_1_34' title='bbox 542 721 570 753; x_wconf 84' lang='lat' dir='ltr'>ex</span> <span class='ocrx_word' id='word_1_35' title='bbox 581 703 666 754; x_wconf 86' lang='lat' dir='ltr'>ordine</span> <span class='ocrx_word' id='word_1_36' title='bbox 677 703 739 754; x_wconf 86' lang='lat' dir='ltr'>ludis</span> 
     </span>
     <span class='ocr_line' id='line_1_7' title="bbox 206 782 656 848; baseline -0.016 -12"><span class='ocrx_word' id='word_1_37' title='bbox 206 785 406 836; x_wconf 83' lang='lat' dir='ltr'>Ceduntverbosi</span> <span class='ocrx_word' id='word_1_38' title='bbox 419 782 514 848; x_wconf 81' lang='lat' dir='ltr'>garrula</span> <span class='ocrx_word' id='word_1_39' title='bbox 524 782 588 833; x_wconf 88' lang='lat' dir='ltr'>bella</span> <span class='ocrx_word' id='word_1_40' title='bbox 599 782 656 831; x_wconf 89' lang='lat' dir='ltr'>fori.</span> 
     </span>
     <span class='ocr_line' id='line_1_8' title="bbox 173 857 809 929; baseline -0.005 -17"><span class='ocrx_word' id='word_1_41' title='bbox 173 862 235 912; x_wconf 89' lang='lat' dir='ltr'>Usus</span> <span class='ocrx_word' id='word_1_42' title='bbox 245 867 300 929; x_wconf 92' lang='lat' dir='ltr'>equi</span> <span class='ocrx_word' id='word_1_43' title='bbox 309 879 373 912; x_wconf 88' lang='lat' dir='ltr'>nunc</span> <span class='ocrx_word' id='word_1_44' title='bbox 386 863 435 921; x_wconf 86' lang='lat' dir='ltr'>est,</span> <span class='ocrx_word' id='word_1_45' title='bbox 448 861 539 908; x_wconf 86' lang='lat' dir='ltr'>levibus</span> <span class='ocrx_word' id='word_1_46' title='bbox 549 876 613 909; x_wconf 86' lang='lat' dir='ltr'>nunc</span> <span class='ocrx_word' id='word_1_47' title='bbox 624 857 715 909; x_wconf 80' lang='lat' dir='ltr'>luditur</span> <span class='ocrx_word' id='word_1_48' title='bbox 723 862 809 909; x_wconf 84' lang='lat' dir='ltr'>armis:</span> 
     </span>
     <span class='ocr_line' id='line_1_9' title="bbox 207 938 935 1005; baseline -0.004 -17"><span class='ocrx_word' id='word_1_49' title='bbox 207 941 278 989; x_wconf 88' lang='lat' dir='ltr'>Nunc</span> <span class='ocrx_word' id='word_1_50' title='bbox 290 940 355 1005; x_wconf 79' lang='lat' dir='ltr'>pila,</span> <span class='ocrx_word' id='word_1_51' title='bbox 367 956 430 988; x_wconf 91' lang='lat' dir='ltr'>nunc</span> <span class='ocrx_word' id='word_1_52' title='bbox 445 938 516 987; x_wconf 85' lang='lat' dir='ltr'>celeri</span> <span class='ocrx_word' id='word_1_53' title='bbox 528 938 634 988; x_wconf 87' lang='lat' dir='ltr'>volvitur</span> <span class='ocrx_word' id='word_1_54' title='bbox 644 939 701 987; x_wconf 89' lang='lat' dir='ltr'>orbe</span> <span class='ocrx_word' id='word_1_55' title='bbox 714 940 819 988; x_wconf 83' lang='lat' dir='ltr'>trochus.</span> <span class='ocrx_word' id='word_1_56' title='bbox 906 950 935 981; x_wconf 66' lang='grc' dir='ltr'>ιο</span> 
     </span>
     <span class='ocr_line' id='line_1_10' title="bbox 174 1015 768 1082; baseline -0.005 -15"><span class='ocrx_word' id='word_1_57' title='bbox 174 1017 261 1075; x_wconf 87' lang='lat' dir='ltr'>Nunc,</span> <span class='ocrx_word' id='word_1_58' title='bbox 276 1020 316 1066; x_wconf 90' lang='lat' dir='ltr'>ubl</span> <span class='ocrx_word' id='word_1_59' title='bbox 326 1017 420 1082; x_wconf 81' lang='lat' dir='ltr'>perlusa</span> <span class='ocrx_word' id='word_1_60' title='bbox 432 1017 464 1064; x_wconf 86' lang='lat' dir='ltr'>est</span> <span class='ocrx_word' id='word_1_61' title='bbox 474 1015 529 1064; x_wconf 91' lang='lat' dir='ltr'>oleo</span> <span class='ocrx_word' id='word_1_62' title='bbox 538 1015 631 1064; x_wconf 88' lang='lat' dir='ltr'>labente</span> <span class='ocrx_word' id='word_1_63' title='bbox 644 1020 768 1080; x_wconf 82' lang='lat' dir='ltr'>juventus,</span> 
     </span>
     <span class='ocr_line' id='line_1_11' title="bbox 206 1091 659 1157; baseline -0.004 -14"><span class='ocrx_word' id='word_1_64' title='bbox 206 1091 316 1144; x_wconf 79' lang='lat' dir='ltr'>Defeffos</span> <span class='ocrx_word' id='word_1_65' title='bbox 327 1109 390 1143; x_wconf 84' lang='lat' dir='ltr'>artus</span> <span class='ocrx_word' id='word_1_66' title='bbox 399 1095 497 1156; x_wconf 77' lang='lat' dir='ltr'>Virgine</span> <span class='ocrx_word' id='word_1_67' title='bbox 507 1095 578 1157; x_wconf 79' lang='lat' dir='ltr'>tingit</span> <span class='ocrx_word' id='word_1_68' title='bbox 588 1093 659 1157; x_wconf 76' lang='lat' dir='ltr'>aqui.</span> 
     </span>
     <span class='ocr_line' id='line_1_12' title="bbox 173 1166 804 1236; baseline -0.006 -16"><span class='ocrx_word' id='word_1_69' title='bbox 173 1174 246 1221; x_wconf 83' lang='lat' dir='ltr'>Stena</span> <span class='ocrx_word' id='word_1_70' title='bbox 261 1175 341 1236; x_wconf 81' lang='lat' dir='ltr'>viget,</span> <span class='ocrx_word' id='word_1_71' title='bbox 354 1169 483 1234; x_wconf 87' lang='lat' dir='ltr'>studiisque</span> <span class='ocrx_word' id='word_1_72' title='bbox 495 1169 563 1236; x_wconf 67' lang='lat' dir='ltr'>fapor</span> <span class='ocrx_word' id='word_1_73' title='bbox 574 1166 713 1219; x_wconf 85' lang='lat' dir='ltr'>distantibus</span> <span class='ocrx_word' id='word_1_74' title='bbox 721 1167 804 1218; x_wconf 67' lang='lat' dir='ltr'>ardete</span> 
     </span>
     <span class='ocr_line' id='line_1_13' title="bbox 205 1247 786 1314; baseline -0.002 -18"><span class='ocrx_word' id='word_1_75' title='bbox 205 1250 299 1314; x_wconf 84' lang='lat' dir='ltr'>Proque</span> <span class='ocrx_word' id='word_1_76' title='bbox 312 1248 385 1296; x_wconf 86' lang='lat' dir='ltr'>tribus</span> <span class='ocrx_word' id='word_1_77' title='bbox 399 1250 510 1296; x_wconf 82' lang='lat' dir='ltr'>resonant</span> <span class='ocrx_word' id='word_1_78' title='bbox 520 1262 586 1296; x_wconf 86' lang='lat' dir='ltr'>terna</span> <span class='ocrx_word' id='word_1_79' title='bbox 597 1247 703 1297; x_wconf 76' lang='lat' dir='ltr'>Theatra</span> <span class='ocrx_word' id='word_1_80' title='bbox 712 1248 786 1295; x_wconf 82' lang='lat' dir='ltr'>Foris.</span> 
     </span>
     <span class='ocr_line' id='line_1_14' title="bbox 172 1322 930 1390; baseline 0 -16"><span class='ocrx_word' id='word_1_81' title='bbox 172 1326 211 1374; x_wconf 82' lang='lat'>0!</span> <span class='ocrx_word' id='word_1_82' title='bbox 230 1322 333 1390; x_wconf 70' lang='lat' dir='ltr'>quater,</span> <span class='ocrx_word' id='word_1_83' title='bbox 351 1329 375 1374; x_wconf 79' lang='lat' dir='ltr'>St</span> <span class='ocrx_word' id='word_1_84' title='bbox 386 1327 480 1390; x_wconf 84' lang='lat' dir='ltr'>quoties</span> <span class='ocrx_word' id='word_1_85' title='bbox 489 1341 539 1373; x_wconf 88' lang='lat' dir='ltr'>non</span> <span class='ocrx_word' id='word_1_86' title='bbox 549 1325 581 1372; x_wconf 83' lang='lat' dir='ltr'>eli</span> <span class='ocrx_word' id='word_1_87' title='bbox 589 1341 726 1385; x_wconf 82' lang='lat' dir='ltr'>numerare,</span> <span class='ocrx_word' id='word_1_88' title='bbox 739 1325 851 1386; x_wconf 85' lang='lat' dir='ltr'>beatum,</span> <span class='ocrx_word' id='word_1_89' title='bbox 902 1335 930 1380; x_wconf 78' lang='lat'>²5</span> 
     </span>
     <span class='ocr_line' id='line_1_15' title="bbox 205 1395 756 1452; baseline 0.005 -2"><span class='ocrx_word' id='word_1_90' title='bbox 205 1402 263 1451; x_wconf 88' lang='lat' dir='ltr'>Non</span> <span class='ocrx_word' id='word_1_91' title='bbox 272 1400 397 1451; x_wconf 67' lang='lat' dir='ltr'>interdidll</span> <span class='ocrx_word' id='word_1_92' title='bbox 410 1406 449 1452; x_wconf 87' lang='lat' dir='ltr'>cui</span> <span class='ocrx_word' id='word_1_93' title='bbox 457 1402 514 1452; x_wconf 86' lang='lat' dir='ltr'>licet</span> <span class='ocrx_word' id='word_1_94' title='bbox 525 1403 590 1452; x_wconf 83' lang='lat' dir='ltr'>Urbe</span> <span class='ocrx_word' id='word_1_95' title='bbox 602 1403 665 1452; x_wconf 83' lang='lat' dir='ltr'>frui!</span> <span class='ocrx_word' id='word_1_96' title='bbox 754 1395 756 1399; x_wconf 40' lang='lat'>¹</span> 
     </span>
     <span class='ocr_line' id='line_1_16' title="bbox 171 1479 697 1542; baseline -0.004 -12"><span class='ocrx_word' id='word_1_97' title='bbox 171 1482 204 1530; x_wconf 83' lang='lat' dir='ltr'>At</span> <span class='ocrx_word' id='word_1_98' title='bbox 220 1482 281 1528; x_wconf 88' lang='lat' dir='ltr'>mihi</span> <span class='ocrx_word' id='word_1_99' title='bbox 293 1482 390 1528; x_wconf 83' lang='lat' dir='ltr'>sentitur</span> <span class='ocrx_word' id='word_1_100' title='bbox 403 1483 444 1528; x_wconf 80' lang='lat' dir='ltr'>nit</span> <span class='ocrx_word' id='word_1_101' title='bbox 455 1497 530 1529; x_wconf 90' lang='lat' dir='ltr'>verno</span> <span class='ocrx_word' id='word_1_102' title='bbox 539 1479 589 1542; x_wconf 71' lang='lat' dir='ltr'>sole</span> <span class='ocrx_word' id='word_1_103' title='bbox 600 1481 676 1529; x_wconf 88' lang='lat' dir='ltr'>soluta</span> <span class='ocrx_word' id='word_1_104' title='bbox 688 1513 697 1536; x_wconf 90' lang='lat'><em>‚</em></span> 
     </span>
     <span class='ocr_line' id='line_1_17' title="bbox 205 1556 714 1623; baseline 0 -17"><span class='ocrx_word' id='word_1_105' title='bbox 205 1557 312 1623; x_wconf 80' lang='lat' dir='ltr'>Quaeque</span> <span class='ocrx_word' id='word_1_106' title='bbox 323 1558 375 1606; x_wconf 88' lang='lat' dir='ltr'>lacu</span> <span class='ocrx_word' id='word_1_107' title='bbox 386 1556 447 1606; x_wconf 91' lang='lat' dir='ltr'>duro</span> <span class='ocrx_word' id='word_1_108' title='bbox 458 1561 496 1607; x_wconf 83' lang='lat' dir='ltr'>vix</span> <span class='ocrx_word' id='word_1_109' title='bbox 506 1556 629 1608; x_wconf 79' lang='lat' dir='ltr'>fodiantur</span> <span class='ocrx_word' id='word_1_110' title='bbox 639 1573 714 1623; x_wconf 80' lang='lat' dir='ltr'>aquae.</span> 
     </span>
     <span class='ocr_line' id='line_1_18' title="bbox 171 1633 882 1700; baseline -0.007 -14"><span class='ocrx_word' id='word_1_111' title='bbox 171 1633 223 1686; x_wconf 87' lang='lat' dir='ltr'>Nec</span> <span class='ocrx_word' id='word_1_112' title='bbox 231 1653 296 1684; x_wconf 87' lang='lat' dir='ltr'>mare</span> <span class='ocrx_word' id='word_1_113' title='bbox 306 1637 438 1685; x_wconf 82' lang='lat' dir='ltr'>concrescit</span> <span class='ocrx_word' id='word_1_114' title='bbox 448 1635 524 1700; x_wconf 80' lang='lat' dir='ltr'>glacie</span> <span class='ocrx_word' id='word_1_115' title='bbox 536 1655 542 1684; x_wconf 77' lang='lat' dir='ltr'><strong><em>z</em></strong></span> <span class='ocrx_word' id='word_1_116' title='bbox 554 1652 612 1693; x_wconf 84' lang='lat' dir='ltr'>nec,</span> <span class='ocrx_word' id='word_1_117' title='bbox 625 1651 651 1684; x_wconf 92' lang='lat' dir='ltr'>ut</span> <span class='ocrx_word' id='word_1_118' title='bbox 659 1650 731 1692; x_wconf 83' lang='lat' dir='ltr'>ante,</span> <span class='ocrx_word' id='word_1_119' title='bbox 745 1650 785 1698; x_wconf 89' lang='lat' dir='ltr'>per</span> <span class='ocrx_word' id='word_1_120' title='bbox 799 1633 882 1682; x_wconf 85' lang='lat' dir='ltr'>Istrum</span> 
     </span>
     <span class='ocr_line' id='line_1_19' title="bbox 204 1709 932 1778; baseline 0.001 -16"><span class='ocrx_word' id='word_1_121' title='bbox 204 1709 309 1762; x_wconf 75' lang='lat' dir='ltr'>Stridula</span> <span class='ocrx_word' id='word_1_122' title='bbox 319 1715 468 1764; x_wconf 79' lang='lat' dir='ltr'>Sauromates</span> <span class='ocrx_word' id='word_1_123' title='bbox 481 1712 581 1777; x_wconf 82' lang='lat' dir='ltr'>plaustra</span> <span class='ocrx_word' id='word_1_124' title='bbox 593 1713 708 1762; x_wconf 83' lang='lat' dir='ltr'>bubulcus</span> <span class='ocrx_word' id='word_1_125' title='bbox 717 1715 774 1776; x_wconf 78' lang='lat' dir='ltr'>agit.</span> <span class='ocrx_word' id='word_1_126' title='bbox 904 1735 932 1778; x_wconf 60' lang='grc' dir='ltr'><strong>ῃ</strong></span> 
     </span>
     <span class='ocr_line' id='line_1_20' title="bbox 170 1789 736 1856; baseline -0.002 -17"><span class='ocrx_word' id='word_1_127' title='bbox 170 1789 288 1856; x_wconf 81' lang='lat' dir='ltr'>Incipient</span> <span class='ocrx_word' id='word_1_128' title='bbox 298 1790 383 1856; x_wconf 80' lang='lat' dir='ltr'>aliqua:</span> <span class='ocrx_word' id='word_1_129' title='bbox 391 1806 471 1840; x_wconf 83' lang='lat' dir='ltr'>tamen</span> <span class='ocrx_word' id='word_1_130' title='bbox 481 1793 528 1839; x_wconf 86' lang='lat' dir='ltr'>huc</span> <span class='ocrx_word' id='word_1_131' title='bbox 539 1789 625 1840; x_wconf 81' lang='lat' dir='ltr'>adnare</span> <span class='ocrx_word' id='word_1_132' title='bbox 633 1793 717 1840; x_wconf 85' lang='lat' dir='ltr'>carinae</span> <span class='ocrx_word' id='word_1_133' title='bbox 728 1823 736 1850; x_wconf 92' lang='lat'>‚</span> 
     </span>
     <span class='ocr_line' id='line_1_21' title="bbox 204 1867 703 1933; baseline -0.006 -15"><span class='ocrx_word' id='word_1_134' title='bbox 204 1868 351 1933; x_wconf 82' lang='lat' dir='ltr'>Hospitaque</span> <span class='ocrx_word' id='word_1_135' title='bbox 361 1871 387 1916; x_wconf 91' lang='lat' dir='ltr'>in</span> <span class='ocrx_word' id='word_1_136' title='bbox 398 1869 468 1916; x_wconf 81' lang='lat' dir='ltr'>Ponti</span> <span class='ocrx_word' id='word_1_137' title='bbox 476 1867 547 1917; x_wconf 87' lang='lat' dir='ltr'>litore</span> <span class='ocrx_word' id='word_1_138' title='bbox 557 1871 641 1933; x_wconf 80' lang='lat' dir='ltr'>puppis</span> <span class='ocrx_word' id='word_1_139' title='bbox 650 1871 703 1918; x_wconf 87' lang='lat' dir='ltr'>erit.</span> 
     </span>
     <span class='ocr_line' id='line_1_22' title="bbox 169 1943 732 2010; baseline 0.004 -18"><span class='ocrx_word' id='word_1_140' title='bbox 169 1943 270 1996; x_wconf 79' lang='lat' dir='ltr'>Sedulus</span> <span class='ocrx_word' id='word_1_141' title='bbox 280 1960 403 1993; x_wconf 86' lang='lat' dir='ltr'>occurram</span> <span class='ocrx_word' id='word_1_142' title='bbox 414 1961 490 1994; x_wconf 86' lang='lat' dir='ltr'>nautae</span> <span class='ocrx_word' id='word_1_143' title='bbox 501 1965 507 1994; x_wconf 79' lang='lat' dir='ltr'>s</span> <span class='ocrx_word' id='word_1_144' title='bbox 520 1944 629 2010; x_wconf 71' lang='lat' dir='ltr'>dietaque</span> <span class='ocrx_word' id='word_1_145' title='bbox 640 1945 732 2006; x_wconf 86' lang='lat' dir='ltr'>salute,</span> 
     </span>
     <span class='ocr_line' id='line_1_23' title="bbox 203 2019 854 2090; baseline 0.006 -21"><span class='ocrx_word' id='word_1_146' title='bbox 203 2019 269 2080; x_wconf 88' lang='lat' dir='ltr'>Quid</span> <span class='ocrx_word' id='word_1_147' title='bbox 278 2025 358 2071; x_wconf 83' lang='lat' dir='ltr'>veniat</span> <span class='ocrx_word' id='word_1_148' title='bbox 369 2057 377 2081; x_wconf 87' lang='lat'>,</span> <span class='ocrx_word' id='word_1_149' title='bbox 388 2039 494 2088; x_wconf 76' lang='lat' dir='ltr'>quaeram</span> <span class='ocrx_word' id='word_1_150' title='bbox 506 2058 514 2083; x_wconf 94' lang='lat'>,</span> <span class='ocrx_word' id='word_1_151' title='bbox 533 2027 633 2090; x_wconf 81' lang='lat' dir='ltr'>quisue,</span> <span class='ocrx_word' id='word_1_152' title='bbox 652 2026 767 2090; x_wconf 89' lang='lat' dir='ltr'>quibusve</span> <span class='ocrx_word' id='word_1_153' title='bbox 778 2025 835 2074; x_wconf 79' lang='lat' dir='ltr'>locis</span> <span class='ocrx_word' id='word_1_154' title='bbox 847 2062 854 2085; x_wconf 92' lang='lat'>,</span> 
     </span>
     <span class='ocr_line' id='line_1_24' title="bbox 167 2097 929 2172; baseline 0.008 -26"><span class='ocrx_word' id='word_1_155' title='bbox 167 2097 215 2146; x_wconf 90' lang='lat' dir='ltr'>llle</span> <span class='ocrx_word' id='word_1_156' title='bbox 233 2097 332 2164; x_wconf 88' lang='lat' dir='ltr'>quidem</span> <span class='ocrx_word' id='word_1_157' title='bbox 345 2103 433 2148; x_wconf 90' lang='lat' dir='ltr'>mirum</span> <span class='ocrx_word' id='word_1_158' title='bbox 444 2135 452 2160; x_wconf 92' lang='lat'>‚</span> <span class='ocrx_word' id='word_1_159' title='bbox 463 2101 509 2161; x_wconf 85' lang='lat' dir='ltr'>nl,</span> <span class='ocrx_word' id='word_1_160' title='bbox 525 2099 556 2150; x_wconf 89' lang='lat' dir='ltr'>de</span> <span class='ocrx_word' id='word_1_161' title='bbox 564 2105 661 2167; x_wconf 81' lang='lat' dir='ltr'>regione</span> <span class='ocrx_word' id='word_1_162' title='bbox 672 2105 821 2169; x_wconf 81' lang='lat' dir='ltr'>propinqui,</span> <span class='ocrx_word' id='word_1_163' title='bbox 901 2130 929 2172; x_wconf 74' lang='lat'>35</span> 
     </span>
     <span class='ocr_line' id='line_1_25' title="bbox 202 2176 684 2247; baseline 0.015 -24"><span class='ocrx_word' id='word_1_164' title='bbox 202 2176 260 2224; x_wconf 90' lang='lat' dir='ltr'>Non</span> <span class='ocrx_word' id='word_1_165' title='bbox 271 2180 316 2225; x_wconf 88' lang='lat' dir='ltr'>nisi</span> <span class='ocrx_word' id='word_1_166' title='bbox 331 2180 419 2226; x_wconf 83' lang='lat' dir='ltr'>vicinas</span> <span class='ocrx_word' id='word_1_167' title='bbox 433 2195 515 2228; x_wconf 81' lang='lat' dir='ltr'>cautus</span> <span class='ocrx_word' id='word_1_168' title='bbox 524 2184 595 2229; x_wconf 88' lang='lat' dir='ltr'>ararit</span> <span class='ocrx_word' id='word_1_169' title='bbox 603 2197 684 2247; x_wconf 82' lang='lat' dir='ltr'>aquas.</span> 
     </span>
     <span class='ocr_line' id='line_1_26' title="bbox 168 2252 768 2310; baseline 0.018 -11"><span class='ocrx_word' id='word_1_170' title='bbox 168 2252 244 2301; x_wconf 83' lang='lat' dir='ltr'>Rarus</span> <span class='ocrx_word' id='word_1_171' title='bbox 261 2255 291 2301; x_wconf 83' lang='lat' dir='ltr'>ab</span> <span class='ocrx_word' id='word_1_172' title='bbox 308 2254 378 2305; x_wconf 71' lang='lat' dir='ltr'>ltalia</span> <span class='ocrx_word' id='word_1_173' title='bbox 393 2270 486 2305; x_wconf 81' lang='lat' dir='ltr'>tuntum</span> <span class='ocrx_word' id='word_1_174' title='bbox 497 2273 563 2306; x_wconf 85' lang='lat' dir='ltr'>mare</span> <span class='ocrx_word' id='word_1_175' title='bbox 572 2262 654 2309; x_wconf 84' lang='lat' dir='ltr'>navita</span> <span class='ocrx_word' id='word_1_176' title='bbox 668 2262 768 2310; x_wconf 78' lang='lat' dir='ltr'>transit:</span> 
     </span>
     <span class='ocr_line' id='line_1_27' title="bbox 201 2331 734 2398; baseline 0.017 -20"><span class='ocrx_word' id='word_1_177' title='bbox 201 2331 284 2380; x_wconf 89' lang='lat' dir='ltr'>Litora</span> <span class='ocrx_word' id='word_1_178' title='bbox 294 2348 358 2380; x_wconf 90' lang='lat' dir='ltr'>rarus</span> <span class='ocrx_word' id='word_1_179' title='bbox 368 2335 393 2380; x_wconf 95' lang='lat' dir='ltr'>in</span> <span class='ocrx_word' id='word_1_180' title='bbox 403 2335 454 2381; x_wconf 83' lang='lat' dir='ltr'>haec</span> <span class='ocrx_word' id='word_1_181' title='bbox 464 2335 578 2398; x_wconf 85' lang='lat' dir='ltr'>portubus</span> <span class='ocrx_word' id='word_1_182' title='bbox 590 2335 649 2386; x_wconf 85' lang='lat' dir='ltr'>orba</span> <span class='ocrx_word' id='word_1_183' title='bbox 659 2339 734 2387; x_wconf 86' lang='lat' dir='ltr'>venit.</span> 
     </span>
     <span class='ocr_line' id='line_1_28' title="bbox 167 2410 708 2474; baseline 0.009 -18"><span class='ocrx_word' id='word_1_184' title='bbox 167 2410 223 2456; x_wconf 85' lang='lat' dir='ltr'>Sive</span> <span class='ocrx_word' id='word_1_185' title='bbox 233 2424 312 2458; x_wconf 86' lang='lat' dir='ltr'>tamen</span> <span class='ocrx_word' id='word_1_186' title='bbox 322 2410 396 2474; x_wconf 78' lang='lat' dir='ltr'>Grajti</span> <span class='ocrx_word' id='word_1_187' title='bbox 405 2411 500 2470; x_wconf 84' lang='lat' dir='ltr'>scierit,</span> <span class='ocrx_word' id='word_1_188' title='bbox 511 2413 559 2460; x_wconf 83' lang='lat' dir='ltr'>sive</span> <span class='ocrx_word' id='word_1_189' title='bbox 569 2411 612 2461; x_wconf 87' lang='lat' dir='ltr'>ille</span> <span class='ocrx_word' id='word_1_190' title='bbox 623 2411 708 2462; x_wconf 75' lang='lat' dir='ltr'>Latini</span> 
     </span>
     <span class='ocr_line' id='line_1_29' title="bbox 198 2485 928 2565; baseline 0.008 -31"><span class='ocrx_word' id='word_1_191' title='bbox 198 2485 266 2535; x_wconf 87' lang='lat' dir='ltr'>Voce</span> <span class='ocrx_word' id='word_1_192' title='bbox 283 2485 351 2551; x_wconf 91' lang='lat' dir='ltr'>loqui</span> <span class='ocrx_word' id='word_1_193' title='bbox 363 2503 371 2546; x_wconf 79' lang='lat'>3</span> <span class='ocrx_word' id='word_1_194' title='bbox 383 2485 446 2534; x_wconf 71' lang='lat' dir='ltr'>certd</span> <span class='ocrx_word' id='word_1_195' title='bbox 456 2490 546 2550; x_wconf 84' lang='lat' dir='ltr'>gratior</span> <span class='ocrx_word' id='word_1_196' title='bbox 555 2490 625 2553; x_wconf 85' lang='lat' dir='ltr'>hujus</span> <span class='ocrx_word' id='word_1_197' title='bbox 634 2492 687 2540; x_wconf 86' lang='lat' dir='ltr'>erit.</span> <span class='ocrx_word' id='word_1_198' title='bbox 896 2523 928 2565; x_wconf 61' lang='lat'>4,</span> 
     </span>
     <span class='ocr_line' id='line_1_30' title="bbox 166 2561 879 2631; baseline 0.01 -23"><span class='ocrx_word' id='word_1_199' title='bbox 166 2561 210 2610; x_wconf 81' lang='lat' dir='ltr'>fas</span> <span class='ocrx_word' id='word_1_200' title='bbox 221 2579 318 2628; x_wconf 86' lang='lat' dir='ltr'>quoque</span> <span class='ocrx_word' id='word_1_201' title='bbox 333 2563 422 2626; x_wconf 83' lang='lat' dir='ltr'>abore</span> <span class='ocrx_word' id='word_1_202' title='bbox 433 2563 489 2612; x_wconf 86' lang='lat' dir='ltr'>freti</span> <span class='ocrx_word' id='word_1_203' title='bbox 504 2563 629 2630; x_wconf 69' lang='lat' dir='ltr'>longeque</span> <span class='ocrx_word' id='word_1_204' title='bbox 640 2565 799 2631; x_wconf 86' lang='lat' dir='ltr'>Propontidos</span> <span class='ocrx_word' id='word_1_205' title='bbox 811 2570 879 2620; x_wconf 65' lang='lat' dir='ltr'>undis</span> 
     </span>
     <span class='ocr_line' id='line_1_31' title="bbox 123 2639 692 2705; baseline 0.014 -19"><span class='ocrx_word' id='word_1_206' title='bbox 123 2655 126 2662; x_wconf 94' lang='lat'>·</span> <span class='ocrx_word' id='word_1_207' title='bbox 198 2639 251 2686; x_wconf 86' lang='lat' dir='ltr'>Huc</span> <span class='ocrx_word' id='word_1_208' title='bbox 262 2641 367 2705; x_wconf 82' lang='lat' dir='ltr'>aliquem</span> <span class='ocrx_word' id='word_1_209' title='bbox 376 2655 442 2690; x_wconf 83' lang='lat' dir='ltr'>terto</span> <span class='ocrx_word' id='word_1_210' title='bbox 453 2640 505 2691; x_wconf 83' lang='lat' dir='ltr'>vela</span> <span class='ocrx_word' id='word_1_211' title='bbox 515 2639 605 2691; x_wconf 80' lang='lat' dir='ltr'>dedilse</span> <span class='ocrx_word' id='word_1_212' title='bbox 616 2643 692 2694; x_wconf 83' lang='lat' dir='ltr'>Noto.</span> 
     </span>
     <span class='ocr_line' id='line_1_32' title="bbox 163 2715 810 2784; baseline 0.012 -19"><span class='ocrx_word' id='word_1_213' title='bbox 163 2715 278 2782; x_wconf 85' lang='lat' dir='ltr'>Quisquis</span> <span class='ocrx_word' id='word_1_214' title='bbox 289 2719 309 2766; x_wconf 83' lang='lat' dir='ltr'>is</span> <span class='ocrx_word' id='word_1_215' title='bbox 320 2717 370 2777; x_wconf 85' lang='lat' dir='ltr'>eli,</span> <span class='ocrx_word' id='word_1_216' title='bbox 389 2721 492 2768; x_wconf 84' lang='lat' dir='ltr'>memori</span> <span class='ocrx_word' id='word_1_217' title='bbox 503 2736 625 2780; x_wconf 69' lang='lat' dir='ltr'>rumorem</span> <span class='ocrx_word' id='word_1_218' title='bbox 636 2720 695 2772; x_wconf 80' lang='lat' dir='ltr'>voc&#39;e</span> <span class='ocrx_word' id='word_1_219' title='bbox 706 2722 792 2773; x_wconf 83' lang='lat' dir='ltr'>referre</span> <span class='ocrx_word' id='word_1_220' title='bbox 803 2759 810 2784; x_wconf 93' lang='lat'>,</span> 
     </span>
     <span class='ocr_line' id='line_1_33' title="bbox 196 2794 724 2864; baseline 0.011 -21"><span class='ocrx_word' id='word_1_221' title='bbox 196 2794 228 2843; x_wconf 82' lang='lat' dir='ltr'>Et</span> <span class='ocrx_word' id='word_1_222' title='bbox 238 2794 290 2844; x_wconf 84' lang='lat' dir='ltr'>fieri</span> <span class='ocrx_word' id='word_1_223' title='bbox 301 2795 371 2844; x_wconf 83' lang='lat' dir='ltr'>famre</span> <span class='ocrx_word' id='word_1_224' title='bbox 386 2813 486 2862; x_wconf 87' lang='lat' dir='ltr'>parsque</span> <span class='ocrx_word' id='word_1_225' title='bbox 496 2795 629 2863; x_wconf 81' lang='lat' dir='ltr'>gradusque</span> <span class='ocrx_word' id='word_1_226' title='bbox 639 2799 724 2864; x_wconf 88' lang='lat' dir='ltr'>potest.</span> 
     </span>
    </p>
   </div>
   <div class='ocr_carea' id='block_1_4' title="bbox 162 2871 925 3164">
    <p class='ocr_par' dir='ltr' id='par_1_4' title="bbox 162 2871 925 3164">
     <span class='ocr_line' id='line_1_34' title="bbox 162 2871 925 2942; baseline 0.013 -22"><span class='ocrx_word' id='word_1_227' title='bbox 162 2872 187 2920; x_wconf 83' lang='lat' dir='ltr'>ls</span> <span class='ocrx_word' id='word_1_228' title='bbox 196 2889 282 2937; x_wconf 86' lang='lat' dir='ltr'>precor</span> <span class='ocrx_word' id='word_1_229' title='bbox 290 2871 385 2923; x_wconf 81' lang='lat' dir='ltr'>auditos</span> <span class='ocrx_word' id='word_1_230' title='bbox 396 2877 471 2938; x_wconf 86' lang='lat' dir='ltr'>possit</span> <span class='ocrx_word' id='word_1_231' title='bbox 476 2890 570 2924; x_wconf 84' lang='lat' dir='ltr'>narrare</span> <span class='ocrx_word' id='word_1_232' title='bbox 581 2877 715 2942; x_wconf 89' lang='lat' dir='ltr'>triumphos</span> <span class='ocrx_word' id='word_1_233' title='bbox 897 2891 925 2933; x_wconf 70' lang='lat' dir='ltr'>tt</span> 
     </span>
     <span class='ocr_line' id='line_1_35' title="bbox 196 2949 684 3006; baseline 0.002 -5"><span class='ocrx_word' id='word_1_234' title='bbox 196 2949 311 3006; x_wconf 64' lang='lat' dir='ltr'>cesaris,</span> <span class='ocrx_word' id='word_1_235' title='bbox 325 2955 352 3000; x_wconf 82' lang='lat'>&amp;</span> <span class='ocrx_word' id='word_1_236' title='bbox 366 2951 436 3002; x_wconf 82' lang='lat' dir='ltr'>Latio</span> <span class='ocrx_word' id='word_1_237' title='bbox 447 2949 541 3001; x_wconf 86' lang='lat' dir='ltr'>reddita</span> <span class='ocrx_word' id='word_1_238' title='bbox 553 2967 613 3001; x_wconf 85' lang='lat' dir='ltr'>vota</span> <span class='ocrx_word' id='word_1_239' title='bbox 620 2953 684 3004; x_wconf 81' lang='lat' dir='ltr'>lovi.</span> 
     </span>
     <span class='ocr_line' id='line_1_36' title="bbox 162 3024 775 3096; baseline 0.005 -19"><span class='ocrx_word' id='word_1_240' title='bbox 162 3027 266 3094; x_wconf 86' lang='lat' dir='ltr'>Teque,</span> <span class='ocrx_word' id='word_1_241' title='bbox 280 3024 418 3078; x_wconf 70' lang='lat' dir='ltr'>rebellastis</span> <span class='ocrx_word' id='word_1_242' title='bbox 430 3026 528 3080; x_wconf 86' lang='lat' dir='ltr'>taudem</span> <span class='ocrx_word' id='word_1_243' title='bbox 538 3029 681 3094; x_wconf 81' lang='lat' dir='ltr'>Germania,</span> <span class='ocrx_word' id='word_1_244' title='bbox 694 3037 775 3096; x_wconf 77' lang='lat' dir='ltr'>magni</span> 
     </span>
     <span class='ocr_line' id='line_1_37' title="bbox 713 3113 772 3164; baseline 0 0"><span class='ocrx_word' id='word_1_245' title='bbox 713 3113 737 3164; x_wconf 83' lang='lat' dir='ltr'>K</span> <span class='ocrx_word' id='word_1_246' title='bbox 756 3131 772 3164; x_wconf 85' lang='lat' dir='ltr'>v</span> 
     </span>
    </p>
   </div>
   <div class='ocr_carea' id='block_1_5' title="bbox 0 0 1172 3917">
    <p class='ocr_par' dir='ltr' id='par_1_5' title="bbox 0 0 1172 3917">
     <span class='ocr_line' id='line_1_38' title="bbox 0 0 1172 3917; baseline 0 4"><span class='ocrx_word' id='word_1_247' title='bbox 0 0 1172 3917; x_wconf 95' lang='lat' dir='ltr'> </span> 
     </span>
    </p>
   </div>
  </div>
 </body>
</html>
