2334 3917
293 375 360 445 35²
420 352 857 429 P.Ovro11NAsonrs

290 498 1002 559 mafiwflfflf

409 630 744 699 EPISTOLA
783 638 878 700 ΙΙΙ

369 774 559 841 AMIco
592 780 921 844 INSTABILI.

292 865 516 1001 Conovmn,
525 958 554 991 an
561 942 1032 1007 taceam?ponamsinenominecrimeo2

321 1015 358 1063 An
368 1029 471 1071 notum,
490 1022 530 1082 qui
541 1022 570 1067 ris
581 1052 589 1077 ,
600 1022 712 1067 omnibus
726 1017 772 1068 effe
786 1020 876 1070 velim?

288 1086 395 1140 Nomine
416 1109 465 1141 non
483 1109 533 1143 urar
544 1128 551 1153 ,
564 1112 594 1143 ne
611 1095 778 1145 commendite
796 1098 909 1163 quereli,

321 1166 490 1236 Quaeraturque
501 1174 545 1220 tibi
558 1176 661 1221 carmine
673 1172 738 1223 fama
749 1191 814 1223 meo.

257 1252 268 1301 ς
289 1242 354 1293 Dum
373 1263 425 1295 mea
439 1252 522 1314 puppis
543 1266 592 1299 erat
609 1248 689 1300 validi
705 1250 804 1301 fundata
815 1252 919 1315 carini,

322 1320 369 1381 Qui
382 1340 476 1374 mecum
494 1326 568 1375 velles
581 1328 695 1388 'currere,
711 1332 800 1393 primus
811 1348 870 1379 erar.

289 1398 376 1457 Nunc,
391 1404 446 1465 quia
457 1406 575 1453 contraxit
589 1405 685 1454 vultum
701 1406 818 1466 Fortuna,
836 1404 946 1465 recedis3

321 1476 416 1526 Auxilio
432 1478 482 1543 post
498 1480 572 1546 quim
591 1484 635 1531 ieie
653 1499 713 1547 opur
727 1480 773 1532 effe
789 1500 841 1533 tuo.
912 1527 917 1536 .

289 1551 429 1604 Dissimulas
447 1560 535 1619 eriam,
552 1576 595 1608 nec
607 1575 646 1607 me
659 1564 696 1609 vie
708 1558 775 1609 noffe
788 1559 864 1610 videri
879 1580 886 1609 r

138 1644 147 1653 '
244 1654 273 1685 ro
321 1631 427 1699 Quisque
444 1638 493 1694 sit,
510 1634 593 1686 audito
609 1640 726 1698 nomine,
742 1638 823 1699 Naso,
840 1655 918 1704 rogae.

289 1708 332 1758 ilie
345 1728 389 1776 ego
401 1714 451 1760 sum
462 1747 469 1773 ,
481 1730 627 1780 quamquam
645 1732 695 1764 non
709 1719 745 1764 vir
761 1712 861 1778 erudire,
877 1714 968 1768 vetusti

321 1788 390 1838 Paene
405 1807 462 1855 puer
477 1808 551 1857 puero
567 1795 659 1857 juniius
677 1792 792 1842 amicirii.

288 1864 332 1913 lile
342 1881 387 1930 ego
400 1902 407 1927 ‚
425 1871 466 1933 qui
482 1872 571 1934 primur
584 1884 624 1918 tua
635 1872 693 1918 seria
704 1867 770 1919 noise
781 1870 901 1930 solebam,

321 1942 369 2001 Qui
387 1944 430 1991 ribi
446 1945 554 2009 Jucundis
570 1950 660 2012 primus
674 1945 753 1998 adeffe
767 1951 834 2013 iocis.

243 2030 267 2079 ις
289 2018 332 2067 lile
349 2035 394 2083 ego
414 2026 555 2083 convieior,
573 2022 694 2090 densoque
711 2022 852 2073 domesticus
866 2025 931 2073 usu:

320 2094 364 2144 iiie
380 2114 424 2161 ego
440 2098 535 2163 judiciis
551 2104 620 2150 unica
637 2100 708 2153 Musa
728 2107 783 2154 tuis.

287 2170 352 2221 idem
364 2191 408 2238 ego
418 2176 469 2223 sum
480 2211 488 2236 ,
500 2180 541 2242 qui
553 2194 616 2225 nunc
625 2195 655 2227 an
665 2181 761 2240 vivam,
773 2174 874 2245 perfide,
888 2178 983 2229 nescis:

320 2251 384 2303 Cura
405 2255 448 2302 tibi
466 2252 495 2303 de
514 2271 562 2321 quo
579 2272 683 2322 quaerere
700 2256 767 2305 nulla
786 2255 840 2305 fuit.

287 2330 341 2381 Sive
360 2328 394 2379 fui
412 2348 544 2399 numquam
562 2349 646 2393 carus,
664 2330 783 2382 simulaffe
803 2332 904 2384 fateris:

241 2419 271 2453 20
319 2409 364 2457 Seu
380 2426 429 2459 uon
443 2409 562 2477 fingebas,
577 2413 696 2460 inveniere
708 2411 775 2460 levis.

287 2486 334 2539 Dic
354 2506 416 2554 age,
432 2488 470 2538 dic
487 2490 606 2555 aliquam,
622 2505 675 2556 quae
687 2506 710 2539 te
720 2491 863 2547 mutaverit,
875 2490 935 2535 iram
949 2506 958 2535 e

320 2564 383 2614 Nam
403 2568 447 2615 nisi
465 2566 523 2629 justa
539 2582 579 2615 rua
593 2566 640 2621 est,
650 2567 709 2631 justa
719 2567 814 2632 querela
824 2582 877 2614 mea
889 2566 931 2613 est.

288 2641 347 2703 Qut
368 2657 392 2692 re
410 2644 560 2692 consimilem
576 2661 612 2693 res
627 2646 691 2693 nunc
709 2660 775 2695 vetat
791 2641 836 2693 eise
849 2646 938 2708 priori!

320 2720 357 2769 An
366 2722 470 2779 crimen,
483 2723 545 2787 coepi
561 2719 627 2787 quod
646 2723 716 2770 miser
734 2719 799 2782 effe,
817 2727 909 2771 vocar?

241 2800 269 2851 ²5
289 2796 311 2847 si
323 2798 381 2845 mihi
393 2798 460 2845 rebus
472 2815 542 2862 opem
557 2797 649 2847 nuliam
666 2798 778 2865 fastisque
793 2797 900 2857 ferebar,

321 2869 427 2923 Veniiset
445 2876 522 2923 verbis
541 2878 621 2925 charta
638 2889 721 2924 notata
738 2876 821 2923 tribus.

287 2949 451 3017 Vixequidem
459 2950 544 3007 credo,
556 2950 595 3001 sed
607 2956 630 3002 &
642 2953 754 3002 insultare
763 2953 850 3017 jacenti

321 3028 356 3079 Te
367 3030 445 3093 mihi,
457 3046 500 3080 nee
510 3031 588 3085 verbis
596 3046 692 3098 parcere
701 3030 793 3086 {fame
802 3027 883 3080 refert.
