2334 3917
229 405 507 473 Tarsrrvu
532 395 634 464 Lm.
668 392 739 460 ΙΙΙ.
773 412 836 477 213
933 429 934 432 =

169 526 196 576 Et
204 524 332 590 singultatis
343 520 425 571 oscula
436 522 511 568 mixta
522 517 596 566 sonis.

118 612 122 620 ‘
142 607 193 656 Sum
202 618 308 670 quoque,
322 599 385 650 Care
395 599 461 655 ,tuis
472 594 582 645 defensus
591 589 680 642 viribus
691 590 772 640 absens
784 605 791 636 ι

170 685 213 732 Scis
223 681 314 732 Carum
323 680 374 728 veri
385 677 490 724 nominis
500 670 546 722 elle
558 671 624 720 loco.

142 761 256 826 Multaque
265 751 505 823 pratereamanifelli
514 753 581 815 signa
590 748 678 798 favoris

173 837 379 887 Pedoribusteneo
391 846 441 880 non
453 830 546 878 abitura
556 829 626 876 meis.
865 837 895 873 20
973 882 977 887 ἡ
1077 828 1078 845 ¹

142 915 176 968 Dl
187 917 243 973 tibi,
258 909 324 978 polle
335 925 389 958 tuos
401 943 409 968 ,
421 908 543 960 tribuant,
555 901 683 953 defendere
695 903 787 966 semper
801 933 809 958 ,

175 993 235 1053 Quos
244 993 270 1038 in
279 987 381 1037 material
387 986 535 1051 prosperiore
546 987 624 1048 juves.

145 1075 168 1123 si
176 1086 248 1120 tamen
256 1072 363 1124 interea,
377 1061 435 1129 quid
446 1066 471 1111 ln
479 1064 514 1110 his
527 1077 571 1126 ego
580 1057 764 1135 perditugoris‚

173 1139 262 1210 (Quod
273 1156 297 1189 te
308 1136 421 1187 credibile
433 1135 465 1184 est
476 1135 599 1202 quaerere)
614 1136 698 1198 quaeris
709 1167 717 1185 .
730 1147 800 1196 agam
812 1147 819 1180 r

74 1228 75 1251 ³
148 1217 190 1280 Spe
200 1216 277 1262 trahor
288 1209 371 1275 exigul
382 1244 391 1269 ,
404 1225 477 1274 quam
489 1222 514 1257 tu
525 1209 585 1255 mihi
594 1204 688 1255 demere
699 1205 769 1266 noli,
873 1229 900 1274 ²5

179 1291 259 1339 Tristia
270 1288 340 1338 leniri
349 1289 449 1336 numina
459 1282 524 1350 polle
535 1285 593 1333 Dei.

147 1371 190 1420 Seu
198 1383 283 1417 temere
293 1359 416 1428 e'xspesto,
428 1363 475 1412 aive
485 1359 511 1409 id
521 1363 659 1426 contingere
672 1361 706 1409 fas
718 1361 759 1410 est.

181 1447 218 1497 Tra
229 1445 306 1503 mihi,
318 1438 386 1507 quod
398 1441 484 1504 cupio,
496 1439 552 1499 fas,
571 1455 671 1504 precor,
684 1436 729 1488 elle
740 1440 824 1503 proba.

147 1522 249 1587 Quaeque
261 1520 305 1569 tibi
313 1517 440 1582 linguaeest
451 1515 580 1576 facundia,
597 1516 681 1566 confer
691 1520 717 1566 io
728 1516 789 1567 illud
802 1550 810 1577 ‚
922 1583 924 1588 Α

155 1596 214 1656 ,Ut
224 1595 309 1646 doceas
319 1608 404 1643 votum
416 1589 482 1656 poll'e
492 1589 571 1640 valere
581 1607 673 1640 meum.
854 1643 856 1648 ,
879 1617 909 1664 30

149 1675 204 1736 Quo
218 1676 270 1740 quis
279 1674 344 1721 enlm
354 1673 450 1736 major,
463 1671 540 1734 magis
550 1668 583 1717 est
594 1667 718 1733 placabilis
727 1672 784 1730 irae;

182 1753 212 1800 Et
222 1749 303 1801 faciles
312 1762 393 1798 motus
402 1763 470 1796 mena
478 1749 591 1811 generosa
603 1749 676 1812 capit.

149 1829 260 1893 Corpora
275 1829 431 1892 magnanimo
442 1827 496 1874 satis
508 1819 671 1889 est'prostrall'e
683 1825 747 1875 leoni
759 1845 766 1875 r

184 1909 266 1971 Pugna
275 1907 344 1954 suum
354 1903 443 1964 finem,
455 1902 510 1953 clm
521 1906 584 1968 jacet
594 1902 666 1950 hostis
673 1934 685 1969 ,Ἰ
699 1905 779 1954 habet.
812 1925 824 1937 κ

74 1981 75 2027 l
151 1985 185 2036 At
196 1984 264 2049 lupus
276 2017 285 2042 ,
298 1986 323 2032 δι
339 1996 417 2048 turpes
431 1981 518 2031 instant
528 1982 685 2031 morientibus
696 1986 757 2042 urri3
885 2007 912 2054 35

185 2062 216 2110 Et
223 2077 379 2129 quacumque
387 2059 599 2110 minornobilitate
606 2059 655 2111 fera
664 2061 704 2118 est,

151 2139 233 2205 Majus
241 2137 306 2204 apud
314 2139 414 2203 Trojam
425 2138 483 2188 forti
492 2136 552 2205 quid
565 2140 680 2189 habemus
691 2141 800 2193 Achille?

186 2214 305 2273 Dardanii
316 2215 433 2278 lacrymas
442 2232 492 2264 non
504 2215 560 2265 tulit
569 2216 612 2265 ille
621 2219 689 2267 senis.

152 2293 215 2354 Qua
225 2294 301 2342 Ducis
312 2294 417 2344 Emathii
427 2293 499 2343 fuerit
508 2295 652 2362 elementia,
668 2298 760 2360 Poros,

189 2371 347 2438 Praeclarique
357 2370 445 2431 docent
455 2371 544 2422 funeris
554 2377 678 2440 exsequia.
887 2406 920 2453 40

153 2449 226 2501 Neve
236 2452 365 2500 hominum
375 2449 476 2499 referam
487 2449 558 2500 flexas
569 2451 600 2502 ad
614 2455 696 2501 mitius
707 2455 769 2508 iras,
822 2477 824 2480 ·

188 2529 292 2582 lunonis
303 2544 374 2592 gener
386 2527 432 2586 est,
444 2531 486 2594 qui
496 2529 560 2592 prids
568 2530 640 2578 hostis
651 2545 710 2580 erat.

154 2605 272 2670 Denique
282 2622 331 2655 non
342 2601 437 2670 pallum
446 2604 539 2654 nullam
548 2608 638 2671 sperare
650 2607 748 2657 salutem
754 2643 764 2671 ,

190 2682 260 2733 Cclm
271 2690 348 2748 poe‘nae
358 2699 408 2732 non
419 2685 449 2732 sit
458 2685 527 2733 causa
537 2699 633 2733 cruenta
641 2701 709 2734 meae.

154 2759 220 2812 Non
231 2763 292 2809 mihi
302 2763 417 2827 quarenti
429 2758 521 2826 pellam
532 2761 587 2812 dare
599 2767 682 2813 cunda
694 2799 701 2823 ‚
716 2766 818 2829 petitum

192 2839 334 2894 Cesareum
345 2853 417 2903 caput
428 2839 476 2898 est,
491 2837 558 2904 quod
568 2857 640 2906 caput
650 2843 714 2891 orbis
727 2857 785 2892 erat.

154 2916 222 2969 Non
234 2915 328 2983 aliquid
338 2915 387 2965 dixi
398 2950 406 2976 ,
425 2917 576 2984 violentaque
589 2919 670 2984 lingua
681 2920 761 2970 locuta
772 2922 819 2982 est3

194 2995 322 3060 Lapsaque
332 2996 387 3045 sunt
396 2997 473 3045 nimio
480 2997 551 3046 verba
560 2997 662 3063 profana
671 3016 747 3048 mero.
833 3025 842 3037 =

74 3106 75 3157 3
154 3071 244 3140 luscia
253 3072 420 3139 quodcrimeo
429 3071 540 3129 viderunt
549 3074 640 3136 lumina
647 3111 655 3140 ‚
669 3076 774 3142 plesto‘rr
