2334 3917
351 382 758 449 FRAGMENTA.
863 396 933 468 403

211 504 300 555 Seneca
315 504 461 568 controvers.
475 518 508 554 x.
524 503 565 555 Ex
577 505 763 555 Declamatione
774 503 859 554 Ovidii
872 520 938 568 que·

173 580 230 628 dam
241 582 287 629 ltaec
296 580 416 647 producit.
430 578 555 645 Quicquid
568 581 658 629 laboris
675 579 726 637 est,
739 579 764 629 in
773 580 822 629 boc
840 575 891 635 est,
908 586 938 625 ut

173 655 247 703 uxori
264 653 361 714 virum,
376 652 402 703 ἃ
415 653 471 701 viro
484 669 604 706 uxorem.
620 652 723 719 diligere
739 652 874 703 concedas.
887 651 938 699 Ne·

173 724 239 775 cesse
252 726 285 777 est
297 725 400 788 deinde,
410 724 493 791 jurare
503 726 632 791 permittar
643 763 651 786 ,
662 726 681 775 si
692 742 772 775 amare
785 722 938 792 permiseris.

148 804 150 811 ’
173 800 248 865 Quod
263 799 370 850 babuisse
386 816 433 849 nos
450 798 620 864 jusjurandum
629 801 717 864 putas?
732 798 774 847 Tu
784 800 856 849 nobis
874 798 938 847 reli-

173 872 268 939 giosum
279 889 371 924 nomen
379 872 449 922 suisli.
460 872 486 921 Si
497 873 675 926 mentiremur,
686 872 728 920 illa
737 871 784 922 sibi
796 873 884 921 iratum
892 888 936 937 pa·

174 958 239 997 trem
257 946 398 1007 invocavit,
417 962 465 1013 ego
485 945 607 997 socerum.
625 943 715 1005 Parce,
735 955 807 1010 pater
821 960 827 994 τ
843 960 937 1009 parce.

172 1020 186 1069 s
185 1034 261 1073 ocet:
271 1036 322 1071 non
332 1010 510 1085 pejeravimutss
521 1020 587 1069 Ecce
598 1018 746 1086 objurgator
756 1016 839 1067 noster
847 1053 855 1079 ,
863 1018 936 1083 quim

172 1092 294 1145 effrenato
304 1108 389 1143 amore
401 1092 482 1142 sertur
493 1094 498 1140 l
510 1109 654 1159 quemquam
666 1092 713 1142 esse
725 1090 798 1141 filiam
808 1090 936 1156 preceris:

172 1182 256 1217 carum
271 1168 388 1233 quidem,
408 1165 472 1231 quod
485 1166 554 1217 illum
571 1168 601 1216 ab
619 1165 771 1233 indulgentia
783 1164 824 1214 sua
835 1175 937 1215 avocet.

172 1239 207 1289 Di
226 1240 303 1288 bonil
323 1240 448 1307 quomodo
466 1239 505 1289 bic
520 1238 612 1291 amavit
628 1238 752 1289 trtoremi
765 1249 830 1288 amat
846 1235 937 1300 filiam,

173 1312 201 1363 δι
214 1312 310 1363 abdicat
320 1328 327 1363 ε
338 1314 408 1362 dolet
417 1314 580 1379 periclitatam
592 1310 659 1374 effe,
672 1311 698 1363 δι
712 1313 742 1361 ab
764 1329 797 1361 eo
816 1310 935 1373 abducit,

172 1385 226 1437 tine
244 1403 294 1453 quo
317 1398 391 1458 negat
408 1385 433 1435 se
451 1385 520 1452 posse
541 1386 628 1437 vivete
646 1386 780 1455 :queritur
798 1383 937 1450 periculum

171 1457 243 1523 ejus.
256 1458 303 1525 qud
319 1475 387 1523 paene
402 1462 480 1509 caruit
493 1460 535 1509 bic
551 1461 593 1526 qui
605 1475 686 1509 amate
704 1460 775 1509 cauti
791 1458 873 1523 jubet.
890 1460 936 1507 ta-

171 1529 243 1581 ciliirt
263 1533 288 1582 in
303 1549 389 1583 amore
408 1531 483 1582 linem
494 1533 632 1598 impetres,
647 1534 719 1599 quim
737 1532 835 1582 modum
855 1547 862 1580 ε
881 1541 935 1579 tunt

171 1604 219 1655 bos
235 1605 305 1672 ponis
322 1606 454 1661 terminos.
469 1610 497 1655 ui
509 1607 571 1655 nibil
583 1605 686 1666 saciant,
702 1606 748 1655 nisi
759 1602 935 1662 considerati3

172 1678 232 1727 nihil
249 1680 408 1745 promittant,
429 1678 476 1728 nisi
493 1689 520 1727 ut
533 1678 572 1744 jus
590 1678 692 1737 laiburi3
709 1695 788 1729 omma
804 1678 879 1726 verba
893 1693 935 1726 ta-

171 1751 241 1801 tione
254 1751 338 1801 &fide
351 1752 500 1818 ponderent.
515 1752 593 1800 Senes
609 1752 644 1801 sic
657 1764 747 1804 amant.
765 1750 845 1801 Pauca
857 1749 934 1812 nosti,

171 1835 258 1888 pater,
270 1826 369 1875 crimina
382 1840 388 1873 :
400 1827 425 1874 u
435 1825 584 1891 litigavimus
594 1824 740 1892 aliquando,
752 1826 777 1875 bt
786 1824 919 1874 cecidimus
924 1840 934 1882 3

171 1897 198 1946 &
217 1897 336 1959 sortasse,
353 1901 419 1963 quod
441 1914 492 1947 non
512 1909 599 1963 putas,
622 1898 798 1964 pejeravimut.
817 1897 883 1963 Quid
903 1898 934 1947 ad

171 1980 256 2034 patres
270 1972 397 2035 pertinet,
412 1970 477 2035 quod
489 1982 597 2021 amantes
612 1968 718 2035 jurent?
732 1973 754 2021 si
765 1973 801 2021 vis
812 1973 934 2033 credere,

171 2043 257 2094 netad
267 2045 337 2095 Deos
349 2044 467 2108 pertinet.
481 2046 537 2095 Non
550 2045 583 2095 est
595 2046 660 2111 quod
674 2046 719 2095 tibi
730 2046 843 2113 placeas,
855 2061 933 2106 uxor,

169 2126 291 2183 tamquam
302 2119 378 2183 prima
389 2120 534 2183 peccaverit
545 2136 552 2169 ε
564 2121 639 2187 periit
650 2121 728 2187 aliqua
739 2137 794 2169 cum
804 2118 873 2179 viro,
886 2135 933 2182 pe·

160 2190 213 2257 ⁵tiit
228 2191 308 2257 aliqua
325 2208 371 2257 pro
389 2192 443 2241 viro
464 2193 539 2242 :illas
551 2194 633 2243 tamen
646 2195 725 2244 omnis
742 2206 801 2243 aetas
821 2193 934 2241 bonora-

170 2264 224 2324 bit,
238 2280 310 2313 omne
322 2264 458 2314 celebrabit
467 2265 602 2331 ingenium.
613 2266 676 2327 Fer,
687 2268 774 2327 socer,
787 2264 933 2314 felicitatem

170 2346 251 2385 tuam:
265 2352 377 2405 magnum
388 2338 432 2386 tibi
444 2344 516 2401 quim
533 2355 612 2403 parvo
627 2342 719 2387 contlat
733 2339 893 2402 exemplum!
906 2337 933 2386 in

169 2409 291 2474 reliquum
307 2409 478 2477 diligentiores
495 2411 550 2459 salli
569 2412 673 2460 snmus:
695 2426 804 2460 errorem
824 2409 933 2461 nostrum

84 2536 85 2539 ,
168 2481 329 2534 confitemur:
338 2484 463 2534 exciderat
473 2480 626 2548 jurantibus,
638 2481 687 2533 esse
695 2485 795 2533 tertium
804 2484 844 2551 qui
854 2484 933 2550 magis

169 2567 263 2607 amaret
274 2572 281 2607 ε
293 2558 343 2616 sic,
356 2554 404 2615 Di,
414 2558 447 2606 sit
458 2556 483 2607 se
493 2574 555 2621 rper
565 2558 570 2607 l
585 2557 734 2615 Persevera,
747 2558 817 2608 socer
828 2575 836 2617 ;
846 2558 933 2623 recipe

169 2630 242 2697 filiam
260 2646 267 2680 τ
285 2645 347 2696 ego,
367 2630 410 2697 qui
425 2632 541 2696 peccavi¹
559 2633 633 2696 poeni
645 2632 731 2697 dignus
751 2632 819 2681 sum:
836 2647 931 2697 quare,

167 2718 246 2753 uxore
264 2705 369 2761 necati,
389 2704 477 2753 socero
494 2703 562 2755 causa
579 2707 625 2753 sim
648 2705 779 2755 orbitatis?
799 2704 930 2754 Discedam
972 2754 975 2761 ,

167 2793 181 2827 e
191 2776 309 2827 civitate:
320 2778 410 2844 fugiam
419 2795 426 2826 ι
434 2778 563 2828 exsulabo:
575 2790 707 2843 utcumque
719 2790 824 2842 potero,
834 2779 931 2828 deside·

168 2844 233 2900 rium
246 2849 333 2899 miserit
343 2851 368 2900 δι
378 2851 471 2901 crudeli
484 2853 603 2917 patientii
614 2851 747 2918 perieram.
764 2852 895 2912 Morem,
906 2850 930 2903 si

168 2924 235 2975 solus
245 2924 379 2975 moriturus
392 2922 474 2975 essem.

204 3066 234 3119 In
253 3071 332 3122 codice
347 3070 519 3139 poimariorum
538 3084 639 3121 reterm
656 3065 727 3140 longi
743 3072 927 3138 antiquissimo,
