2334 3917
300 397 577 478 Tristius-1
607 395 793 467 Lins'H.
839 418 903 463 221

226 524 347 596 Undaquc
363 544 414 578 non
429 524 478 576 udo
491 524 534 573 sub
546 519 606 587 pede
617 519 772 570 summasuit.

191 608 218 656 Si
235 610 279 657 tibi
294 607 342 657 tsle
352 607 441 656 fretum
454 599 596 669 quondam,
612 596 736 657 Lcandre,
747 594 849 656 fuisset,

226 685 283 734 Non
295 685 358 734 foret
367 681 470 747 anguli:
482 694 546 728 mors
558 692 599 726 tua
612 678 702 725 crimen
712 690 787 740 aque.

191 762 257 810 Tum
272 779 349 828 neque
359 764 382 810 se
396 756 468 825 pandi
481 753 578 822 possunt
589 752 712 818 delphines
726 757 752 802 in
765 767 831 802 auras

224 840 321 888 Tollere
333 859 339 887 ε
351 852 464 887 conantes
478 833 536 882 dura
547 833 734 882 co'e‘rcethiems.

191 912 224 963 Et
240 919 347 980 quamvis
365 915 452 963 Boreas
461 913 551 976 jasiatis
560 909 655 957 insonet
668 907 723 962 alis,
923 931 952 978 45

222 991 314 1040 flusius
324 996 350 1040 in
363 986 458 1040 obsesso
469 990 562 1052 gurgite
571 985 652 1034 nullus
663 987 717 1034 erit.

185 1067 333 1135 Inclusaequc
350 1067 405 1132 gelu
415 1066 511 1114 stabum
519 1069 534 1122 ,’
546 1079 573 1112 ut
584 1079 720 1120 marmore,
733 1076 839 1126 puppes:

219 1145 271 1195 Nec
278 1149 368 1211 poterit
377 1142 465 1209 rigidas
480 1139 569 1190 findere
585 1151 664 1190 remus
681 1153 763 1205 aquas.

184 1221 298 1272 Vidimus
313 1226 339 1272 in
356 1222 431 1287 glacie
448 1222 521 1286 pisces
531 1221 618 1267 haererc
629 1217 731 1281 ligatos:

218 1299 250 1349 Et
259 1316 313 1365 pars
323 1299 408 1349 exiliis
418 1315 471 1348 tum
477 1307 573 1363 quoque
584 1299 639 1346 viva
649 1295 705 1344 fnit.

184 1379 238 1426 Sive
250 1381 324 1442 igitur
334 1381 404 1426 nimii
417 1373 498 1426 Boreffae
507 1378 543 1425 vis
555 1377 615 1425 saeve
625 1377 727 1422 marinas
737 1405 745 1432 ‚

217 1456 271 1504 Sive
290 1453 431 1504 redundatas
447 1451 546 1501 flumine
564 1454 630 1515 cogit
644 1465 734 1516 aquas3

182 1531 315 1586 Protinus,
335 1545 428 1598 equato
441 1531 509 1578 siccis
521 1527 679 1592 Aquilonibus
691 1525 767 1585 istro,

216 1609 340 1659 Invehitur
354 1608 426 1658 celeri
441 1606 553 1656 barbarus
568 1603 641 1652 hostis
651 1619 723 1668 equo.
1015 1665 1020 1672 ι

182 1685 263 1735 Hostis
274 1703 336 1752 equo
346 1681 583 1752 pollene.longcique
592 1681 687 1733 volante
697 1679 797 1746 sagitti,
916 1695 942 1741 55

215 1765 328 1814 Vicinam
345 1763 392 1814 laci
407 1761 565 1828 depopulatur
579 1762 691 1812 humum.

180 1840 320 1905 Diffugiunt
330 1842 387 1899 alii3
403 1841 523 1904 nullisque
534 1837 655 1887 tuentibus
670 1852 753 1902 agros,

214 1918 364 1970 incustodita
373 1917 518 1985 diripiuntur
530 1931 602 1980 opesc
772 1907 777 1917 ⁴

179 1997 250 2046 Ruris
264 2015 321 2062 opes
335 2012 431 2062 parvae,
450 2011 520 2060 pecus
531 1998 555 2042 δι
566 1991 688 2043 stridentia
698 1991 816 2058 plaustra,
945 2047 948 2060 Ι

211 2074 245 2124 Et
260 2091 317 2140 quas
332 2073 428 2124 divitias
439 2073 519 2124 incole
535 2086 624 2137 pauper
637 2073 718 2122 habet.
910 2069 942 2115 ⁶0
983 2131 986 2138 Ι

178 2151 234 2200 Pars
245 2155 317 2216 igitur
328 2154 411 2201 vinciis
421 2151 473 2216 post
490 2165 582 2215 tergum
594 2165 664 2220 capta
672 2149 765 2200 lacertis
775 2184 784 2205 ,

211 2228 347 2292 Respiciens
357 2228 441 2278 frustra
451 2244 505 2278 rura
519 2229 653 2294 Laremque
663 2230 732 2278 suum
744 2247 751 2278 e

178 2304 237 2353 Pars
248 2303 314 2355 cadit
327 2308 430 2356 hamatis
442 2305 525 2354 miseri
535 2305 629 2356 confixa
644 2308 733 2370 sagittis
745 2323 754 2366 5

211 2382 277 2432 Nam
289 2384 391 2435 ‘volueri
412 2384 475 2435 fetro
491 2384 580 2434 rinsiile
590 2387 653 2433 virus
663 2384 730 2434 inest.

178 2459 239 2521 Qua
250 2477 372 2526 nequeunt
382 2465 461 2512 secum
472 2461 533 2511 scrre
547 2460 715 2512 autabduccre
727 2496 736 2522 ‚
753 2459 870 2526 perdunt:
905 2451 934 2521 ὃς

205 2538 238 2588 Ec
251 2554 343 2589 cremat
355 2542 460 2590 insontes
472 2538 562 2588 hostica
574 2537 673 2603 lamnia
681 2541 752 2588 casas.

172 2614 355 2682 Tumquoque,
367 2617 422 2666 crim
433 2633 477 2682 pax
486 2616 535 2675 cst,
545 2614 664 2681 trepidant
673 2615 803 2667 formidine
811 2619 883 2666 belii:

204 2692 257 2742 Nec
267 2695 395 2759 quisquam
407 2692 483 2759 prelio
495 2709 592 2744 vomere
602 2691 677 2742 sulcat
688 2696 799 2742 humum.

169 2767 881 2835 Autvider,autnietuitlocusliic‚quemnonvidet,holit>n.

202 2845 286 2898 Cellae
296 2851 358 2897 iners
373 2847 452 2913 rigido
461 2863 522 2898 terra
530 2849 610 2898 relisis
618 2851 673 2898 situ.
899 2869 930 2914 70

167 2924 227 2974 Non
238 2924 280 2974 hic
295 2925 423 2990 pampinei
431 2923 507 2976 dulcis
524 2926 583 2974 latet
593 2941 638 2976 uva
649 2927 690 2974 sub
701 2927 785 2976 umbra
799 2961 808 2986 ,

200 3001 252 3050 Nec
263 3003 389 3054 cumulant
398 3003 460 3052 altos
470 3001 562 3054 fervida
570 3004 646 3054 mulia
656 3003 729 3054 lacus.

165 3077 243 3130 Poma
253 3094 326 3148 negat
337 3081 404 3148 regio
414 3097 424 3140 i
434 3097 479 3132 ncc
488 3082 585 3132 haberet
595 3081 710 3133 Acontius
721 3115 729 3141 ,
741 3084 766 3131 in
775 3099 824 3150 quo
834 3139 835 3142 ,
910 3119 913 3126 ·

698 3164 767 3235 nn)
832 3179 838 3184 -
