2334 3917
271 375 309 438 18
385 371 429 439 P.
465 372 619 439 Ovrnrr
646 372 840 438 NAsoitrs

298 491 329 540 Et
338 508 400 540 nova
411 492 566 555 conspicuum
578 489 685 557 pondera
695 493 767 557 sentit
776 492 845 539 ebur.

267 569 341 620 Colla
350 568 419 619 rudes
431 586 531 634 operum
541 571 646 633 praebent
656 566 762 617 ferienda
770 566 887 633 juvenci,

300 646 367 707 Quos
377 646 436 699 aluit
447 651 536 711 campis
547 648 620 695 herba
629 646 720 695 Falisca
733 647 788 695 suis.

217 719 245 779 ὃς
266 724 387 788 Juppiter,
404 740 455 773 arce
467 724 508 773 sui
519 738 599 771 totum
609 722 665 771 crim
676 724 763 787 speuet
771 724 797 771 in
808 722 909 781 orbem,

299 801 341 850 Nil
360 804 406 849 nisi
420 798 572 859 Romanum,
588 799 655 865 quod
671 814 764 848 tueatur
774 801 879 865 ,haben

265 880 349 941 Salve,
362 879 415 929 laeta
426 877 492 938 dies,
507 878 640 943 meliorque
651 892 767 927 revertere
776 879 867 941 semper
874 910 883 937 ‚

298 957 318 1006 A
332 957 423 1023 populo
434 973 511 1005 rerum
523 954 595 1020 digna
607 969 704 1019 potente
719 955 777 1005 coli.

266 1035 345 1096 Quem
359 1051 439 1084 tamen
449 1032 495 1083 effe
507 1034 622 1082 Deumte
634 1031 732 1092 dicam,
748 1033 806 1081 Jane
817 1030 945 1083 biformis?

88 1104 89 1157 i
127 1168 130 1176 Ι
219 1133 251 1176 90
298 1112 362 1162 Nam
381 1114 425 1161 tibi
441 1110 590 1177 paruullum
601 1111 890 1173 Gratianumenhabet.
937 1168 940 1174 1

266 1188 316 1239 Ede
331 1190 402 1239 simui
413 1191 506 1238 causam
518 1223 525 1248 ,
543 1204 584 1237 cur
596 1186 625 1236 de
635 1187 778 1253 Coelestibus
790 1203 863 1245 unus,

298 1270 379 1333 Sitque
390 1265 457 1333 quod
468 1284 482 1315 a
492 1282 577 1334 tergo,
588 1270 664 1331 sitque
675 1264 742 1331 quod
752 1282 822 1323 ante,
837 1260 912 1313 videa.

267 1344 324 1393 Haec
341 1362 385 1409 ego
397 1344 452 1393 crim
465 1346 549 1393 sumtis
559 1348 675 1409 agitarem
687 1359 767 1393 mente
780 1343 873 1391 tabellis
884 1358 893 1399 3

299 1421 412 1471 Lucidior
422 1424 472 1472 visa
483 1423 529 1479 est,
541 1420 616 1487 quim
628 1421 751 1479 fuitante,
763 1418 858 1471 domur.

221 1512 249 1557 ,ς
270 1501 335 1549 Tum
353 1501 436 1559 sacer,
452 1502 549 1564 ancipiti
561 1497 682 1548 mirandus
693 1501 814 1563 imagine,
825 1496 896 1547 Janut

301 1578 359 1627 Bina
369 1593 450 1642 repent
461 1576 536 1627 oculis
544 1575 634 1642 obtulit
642 1592 685 1624 ora
696 1578 765 1623 meis.

269 1655 403 1719 Obstupui,
418 1655 524 1719 sensique
539 1669 605 1703 metu
616 1648 711 1717 riguisse
726 1650 840 1717 capiliosr

302 1731 333 1779 Et
343 1730 450 1795 gelidum
461 1732 539 1779 subito
551 1729 640 1795 frigore
651 1731 730 1794 pedus
741 1742 800 1781 etat.

270 1807 313 1858 ille
325 1824 406 1859 tenens
417 1806 499 1859 dextri
511 1806 642 1866 baculum,
653 1805 793 1873 clavemque
807 1804 916 1866 sinistri,

224 1906 268 1938 roo
301 1885 383 1937 Edidit
394 1889 437 1936 hos
445 1888 513 1937 nobis
525 1904 566 1935 ore
576 1889 655 1951 priore
664 1887 745 1935 sonos.

271 1963 342 2013 Disce
355 1998 363 2023 ,
380 1980 445 2013 metu
456 1966 536 2028 posito
548 1997 556 2023 ,
568 1977 633 2012 vates
644 1964 743 2027 operose
751 1959 863 2019 dierum,
883 2007 888 2014 ,

304 2038 377 2101 Quod
389 2044 464 2105 petis:
476 2044 501 2093 δι
518 2056 588 2090 voces
600 2043 694 2105 percipe
705 2035 786 2089 mente
799 2054 872 2087 meas.

201 2164 205 2169 .
271 2120 313 2169 Me
328 2118 409 2170 Chaos
420 2121 527 2185 antiqui,
546 2134 603 2167 nam
614 2134 651 2166 res
662 2120 714 2167 sum
727 2121 815 2183 prisca,
827 2118 955 2168 vocabant.

303 2196 406 2262 Aspice,
426 2196 500 2262 quim
515 2196 582 2260 longi
597 2198 710 2259 temporis
727 2197 778 2244 asta
790 2212 883 2245 canam.

226 2272 375 2343 105Lucidus
389 2277 428 2323 hic
440 2279 493 2334 ae'r,
515 2277 557 2328 δι,
569 2289 622 2339 que
633 2276 678 2322 tria
688 2289 790 2337 corpora
804 2273 905 2333 restant,

304 2352 385 2416 Ignis,
400 2368 487 2418 aquae,
505 2350 590 2411 tellus,
603 2368 663 2402 unus
674 2367 770 2400 acervus
782 2367 858 2401 erant·
898 2365 914 2402 a

271 2428 306 2479 Ut
321 2430 393 2479 semei
405 2433 455 2479 hac
463 2446 541 2478 retum
550 2430 644 2477 secessit
654 2428 697 2477 lite
708 2429 801 2477 suatum
811 2462 821 2488 ,

304 2508 378 2571 inque
388 2523 462 2555 novas
473 2508 532 2556 abiit
540 2502 615 2555 maffa
625 2506 704 2555 soluta
715 2502 802 2553 domos
812 2521 820 2562 3

273 2585 381 2635 flamma
395 2587 455 2649 petit
466 2583 559 2645 altum,
575 2586 674 2649 propior
687 2582 754 2631 locus
764 2587 817 2631 a'e'ra
828 2584 907 2649 cepit:

161 2666 163 2671 ’
226 2688 271 2719 tio
304 2662 419 2713 Sederunt
430 2660 510 2711 medio
522 2678 583 2712 terra
595 2662 730 2727 fretumque
741 2660 803 2710 solo.

273 2741 342 2790 Tunc
355 2736 465 2807 ego,'qui
472 2739 562 2792 fueram
572 2739 673 2805 globus,
683 2743 708 2787 δι
719 2742 768 2787 eine
778 2740 882 2802 imagine
893 2737 983 2799 moles,
1021 2755 1023 2762 ·

307 2817 335 2866 In
350 2816 436 2867 faciem
447 2816 507 2867 redii
518 2816 637 2883 dignaque
648 2818 755 2866 membra
766 2815 832 2863 Deo.

273 2893 345 2943 Nunc
355 2908 466 2960 quoque,
478 2893 581 2943 confusa·
589 2893 712 2961 quondam
722 2909 780 2943 nota
791 2909 861 2958 parva
872 2890 971 2959 figure.

261 2966 266 2973 ’
306 2972 367 3021 Ante
377 2968 444 3037 quod
453 2971 485 3019 est
494 2974 519 3019 iu
530 2988 583 3026 me,
598 2972 697 3037 postque
709 2969 804 3021 videtur
817 2968 892 3021 idern.

226 3049 360 3119 115Accipe
366 3082 375 3111 ,
386 3050 552 3117 quaesitaque
563 3050 634 3099 causa
642 3051 673 3101 sit
683 3048 758 3101 altera
769 3047 852 3099 forme
858 3064 868 3109 5

1081 2761 1083 2830 s
