<?xml version="1.0" encoding="UTF-8"?>
<!DOCTYPE html PUBLIC "-//W3C//DTD XHTML 1.0 Transitional//EN"
    "http://www.w3.org/TR/xhtml1/DTD/xhtml1-transitional.dtd">
<html xmlns="http://www.w3.org/1999/xhtml" xml:lang="en" lang="en">
 <head>
  <title>
</title>
<meta http-equiv="Content-Type" content="text/html;charset=utf-8" />
  <meta name='ocr-system' content='tesseract 3.04.00' />
  <meta name='ocr-capabilities' content='ocr_page ocr_carea ocr_par ocr_line ocrx_word'/>
</head>
<body>
  <div class='ocr_page' id='page_1' title='image "./povidiinasoniso05ovidgoog_0304.png"; bbox 0 0 2334 3917; ppageno 0'>
   <div class='ocr_carea' id='block_1_1' title="bbox 284 389 860 476">
    <p class='ocr_par' dir='ltr' id='par_1_1' title="bbox 284 389 860 476">
     <span class='ocr_line' id='line_1_1' title="bbox 284 389 860 476; baseline 0.014 -23"><span class='ocrx_word' id='word_1_1' title='bbox 284 411 356 476; x_wconf 83' lang='lat'>294</span> <span class='ocrx_word' id='word_1_2' title='bbox 407 389 449 454; x_wconf 87' lang='lat' dir='ltr'>P.</span> <span class='ocrx_word' id='word_1_3' title='bbox 482 390 638 457; x_wconf 77' lang='lat' dir='ltr'>Ovrnrr</span> <span class='ocrx_word' id='word_1_4' title='bbox 665 393 860 462; x_wconf 65' lang='lat' dir='ltr'>Nasonis</span> 
     </span>
    </p>
   </div>
   <div class='ocr_carea' id='block_1_2' title="bbox 236 509 967 1128">
    <p class='ocr_par' dir='ltr' id='par_1_2' title="bbox 236 509 967 1128">
     <span class='ocr_line' id='line_1_2' title="bbox 283 509 879 580; baseline 0.012 -23"><span class='ocrx_word' id='word_1_5' title='bbox 283 509 356 570; x_wconf 91' lang='lat' dir='ltr'>Quod</span> <span class='ocrx_word' id='word_1_6' title='bbox 370 512 390 558; x_wconf 78' lang='lat' dir='ltr'>ei</span> <span class='ocrx_word' id='word_1_7' title='bbox 398 512 517 574; x_wconf 72' lang='lat' dir='ltr'>permittit</span> <span class='ocrx_word' id='word_1_8' title='bbox 527 513 597 562; x_wconf 87' lang='lat' dir='ltr'>nobis</span> <span class='ocrx_word' id='word_1_9' title='bbox 607 511 717 575; x_wconf 75' lang='lat' dir='ltr'>suadere,</span> <span class='ocrx_word' id='word_1_10' title='bbox 728 514 787 580; x_wconf 91' lang='lat' dir='ltr'>quid</span> <span class='ocrx_word' id='word_1_11' title='bbox 795 531 879 580; x_wconf 80' lang='lat' dir='ltr'>optet:</span> 
     </span>
     <span class='ocr_line' id='line_1_3' title="bbox 314 587 901 658; baseline 0.009 -22"><span class='ocrx_word' id='word_1_12' title='bbox 314 588 350 636; x_wconf 87' lang='lat' dir='ltr'>Ut</span> <span class='ocrx_word' id='word_1_13' title='bbox 360 587 401 638; x_wconf 81' lang='lat' dir='ltr'>des</span> <span class='ocrx_word' id='word_1_14' title='bbox 411 623 418 647; x_wconf 85' lang='lat'>‚</span> <span class='ocrx_word' id='word_1_15' title='bbox 427 587 503 652; x_wconf 66' lang='lat' dir='ltr'>quim</span> <span class='ocrx_word' id='word_1_16' title='bbox 510 587 595 640; x_wconf 79' lang='lat' dir='ltr'>reddar</span> <span class='ocrx_word' id='word_1_17' title='bbox 608 625 616 648; x_wconf 85' lang='lat'><strong><em>‚</em></strong></span> <span class='ocrx_word' id='word_1_18' title='bbox 628 590 709 655; x_wconf 80' lang='lat' dir='ltr'>plura,</span> <span class='ocrx_word' id='word_1_19' title='bbox 719 609 814 658; x_wconf 75' lang='lat' dir='ltr'>precere</span> <span class='ocrx_word' id='word_1_20' title='bbox 824 593 901 642; x_wconf 83' lang='lat' dir='ltr'>Deot.</span> 
     </span>
     <span class='ocr_line' id='line_1_4' title="bbox 236 666 967 734; baseline 0.003 -16"><span class='ocrx_word' id='word_1_21' title='bbox 236 679 264 733; x_wconf 69' lang='grc' dir='ltr'>ις</span> <span class='ocrx_word' id='word_1_22' title='bbox 285 666 358 732; x_wconf 83' lang='lat' dir='ltr'>quue</span> <span class='ocrx_word' id='word_1_23' title='bbox 372 666 445 726; x_wconf 78' lang='lat' dir='ltr'>facie,</span> <span class='ocrx_word' id='word_1_24' title='bbox 455 684 621 734; x_wconf 70' lang='lat' dir='ltr'>quantumque</span> <span class='ocrx_word' id='word_1_25' title='bbox 634 668 851 732; x_wconf 70' lang='lat' dir='ltr'>incinerantur,</span> <span class='ocrx_word' id='word_1_26' title='bbox 866 671 967 722; x_wconf 77' lang='lat' dir='ltr'>volebat</span> 
     </span>
     <span class='ocr_line' id='line_1_5' title="bbox 316 743 776 812; baseline 0.013 -18"><span class='ocrx_word' id='word_1_27' title='bbox 316 743 397 794; x_wconf 82' lang='lat' dir='ltr'>Officii</span> <span class='ocrx_word' id='word_1_28' title='bbox 409 748 504 796; x_wconf 80' lang='lat' dir='ltr'>caustur</span> <span class='ocrx_word' id='word_1_29' title='bbox 513 748 619 812; x_wconf 71' lang='lat' dir='ltr'>pluribus</span> <span class='ocrx_word' id='word_1_30' title='bbox 629 745 675 798; x_wconf 83' lang='lat' dir='ltr'>effe</span> <span class='ocrx_word' id='word_1_31' title='bbox 686 749 776 800; x_wconf 76' lang='lat' dir='ltr'>datam.</span> 
     </span>
     <span class='ocr_line' id='line_1_6' title="bbox 284 822 917 892; baseline 0.008 -21"><span class='ocrx_word' id='word_1_32' title='bbox 284 822 401 884; x_wconf 86' lang='lat' dir='ltr'>Quolibet</span> <span class='ocrx_word' id='word_1_33' title='bbox 415 827 441 874; x_wconf 88' lang='lat' dir='ltr'>in</span> <span class='ocrx_word' id='word_1_34' title='bbox 451 841 553 876; x_wconf 80' lang='lat' dir='ltr'>numero</span> <span class='ocrx_word' id='word_1_35' title='bbox 567 843 622 883; x_wconf 86' lang='lat' dir='ltr'>nie,</span> <span class='ocrx_word' id='word_1_36' title='bbox 640 823 797 887; x_wconf 75' lang='lat' dir='ltr'>Meffalliue,</span> <span class='ocrx_word' id='word_1_37' title='bbox 812 843 917 892; x_wconf 78' lang='lat' dir='ltr'><strong>repone:</strong></span> 
     </span>
     <span class='ocr_line' id='line_1_7' title="bbox 316 900 866 966; baseline 0.004 -16"><span class='ocrx_word' id='word_1_38' title='bbox 316 903 368 950; x_wconf 78' lang='lat' dir='ltr'>Sim</span> <span class='ocrx_word' id='word_1_39' title='bbox 380 900 455 952; x_wconf 70' lang='lat' dir='ltr'>modi)</span> <span class='ocrx_word' id='word_1_40' title='bbox 468 919 521 966; x_wconf 76' lang='lat' dir='ltr'>pare</span> <span class='ocrx_word' id='word_1_41' title='bbox 531 904 611 953; x_wconf 80' lang='lat' dir='ltr'>restrae</span> <span class='ocrx_word' id='word_1_42' title='bbox 622 919 672 954; x_wconf 86' lang='lat' dir='ltr'>nou</span> <span class='ocrx_word' id='word_1_43' title='bbox 682 904 760 956; x_wconf 74' lang='lat' dir='ltr'>aliena</span> <span class='ocrx_word' id='word_1_44' title='bbox 769 903 866 954; x_wconf 71' lang='lat' dir='ltr'>domne.</span> 
     </span>
     <span class='ocr_line' id='line_1_8' title="bbox 285 979 913 1046; baseline 0.002 -15"><span class='ocrx_word' id='word_1_45' title='bbox 285 980 317 1031; x_wconf 87' lang='lat' dir='ltr'>Et</span> <span class='ocrx_word' id='word_1_46' title='bbox 327 981 392 1030; x_wconf 72' lang='lat' dir='ltr'>maia</span> <span class='ocrx_word' id='word_1_47' title='bbox 405 981 544 1036; x_wconf 79' lang='lat' dir='ltr'>Nasonem,</span> <span class='ocrx_word' id='word_1_48' title='bbox 554 985 670 1046; x_wconf 80' lang='lat' dir='ltr'>quoniam</span> <span class='ocrx_word' id='word_1_49' title='bbox 682 979 791 1032; x_wconf 78' lang='lat' dir='ltr'>meruiise</span> <span class='ocrx_word' id='word_1_50' title='bbox 800 981 895 1034; x_wconf 83' lang='lat' dir='ltr'>videtur</span> <span class='ocrx_word' id='word_1_51' title='bbox 905 1015 913 1042; x_wconf 89' lang='lat'>‚</span> 
     </span>
     <span class='ocr_line' id='line_1_9' title="bbox 237 1056 803 1128; baseline -0.005 -16"><span class='ocrx_word' id='word_1_52' title='bbox 237 1079 271 1128; x_wconf 86' lang='lat'>70</span> <span class='ocrx_word' id='word_1_53' title='bbox 319 1059 403 1109; x_wconf 81' lang='lat' dir='ltr'>Sinon</span> <span class='ocrx_word' id='word_1_54' title='bbox 414 1058 473 1108; x_wconf 81' lang='lat' dir='ltr'>ferte</span> <span class='ocrx_word' id='word_1_55' title='bbox 484 1056 552 1108; x_wconf 79' lang='lat' dir='ltr'>doles</span> <span class='ocrx_word' id='word_1_56' title='bbox 564 1094 572 1119; x_wconf 90' lang='lat'>,</span> <span class='ocrx_word' id='word_1_57' title='bbox 583 1073 609 1110; x_wconf 77' lang='lat' dir='ltr'>et</span> <span class='ocrx_word' id='word_1_58' title='bbox 619 1057 729 1110; x_wconf 77' lang='lat' dir='ltr'>meruisse</span> <span class='ocrx_word' id='word_1_59' title='bbox 737 1058 803 1110; x_wconf 88' lang='lat' dir='ltr'>dole.</span> 
     </span>
    </p>
   </div>
   <div class='ocr_carea' id='block_1_3' title="bbox 288 1185 1004 1560">
    <p class='ocr_par' dir='ltr' id='par_1_3' title="bbox 288 1185 1004 1560">
     <span class='ocr_line' id='line_1_10' title="bbox 288 1185 1004 1277; baseline -0.004 -11"><span class='ocrx_word' id='word_1_60' title='bbox 288 1185 1004 1277; x_wconf 38' lang='grc' dir='ltr'>(ψει-..ει</span> 
     </span>
     <span class='ocr_line' id='line_1_11' title="bbox 383 1317 909 1412; baseline 0.004 -2"><span class='ocrx_word' id='word_1_61' title='bbox 383 1317 909 1412; x_wconf 58' lang='grc' dir='ltr'><strong>ΕΡΠΤοιΑνῐΗ.</strong></span> 
     </span>
     <span class='ocr_line' id='line_1_12' title="bbox 500 1493 783 1560; baseline 0.021 -8"><span class='ocrx_word' id='word_1_62' title='bbox 500 1493 783 1560; x_wconf 65' lang='lat' dir='ltr'>euxino</span> 
     </span>
    </p>
   </div>
   <div class='ocr_carea' id='block_1_4' title="bbox 263 1585 994 2348">
    <p class='ocr_par' dir='ltr' id='par_1_4' title="bbox 292 1585 894 1802">
     <span class='ocr_line' id='line_1_13' title="bbox 292 1585 876 1728; baseline 0.003 -22"><span class='ocrx_word' id='word_1_63' title='bbox 292 1585 359 1706; x_wconf 61' lang='lat' dir='ltr'>A</span> <span class='ocrx_word' id='word_1_64' title='bbox 378 1672 438 1706; x_wconf 80' lang='lat' dir='ltr'>&#39;rrrr</span> <span class='ocrx_word' id='word_1_65' title='bbox 456 1653 544 1728; x_wconf 67' lang='lat' dir='ltr'>dilecto</span> <span class='ocrx_word' id='word_1_66' title='bbox 555 1655 650 1708; x_wconf 74' lang='lat' dir='ltr'>minam</span> <span class='ocrx_word' id='word_1_67' title='bbox 664 1659 759 1709; x_wconf 82' lang='lat' dir='ltr'>Nasone</span> <span class='ocrx_word' id='word_1_68' title='bbox 775 1655 876 1713; x_wconf 82' lang='lat' dir='ltr'>salutem</span> 
     </span>
     <span class='ocr_line' id='line_1_14' title="bbox 323 1737 894 1802; baseline -0.002 -17"><span class='ocrx_word' id='word_1_69' title='bbox 323 1737 426 1802; x_wconf 76' lang='lat' dir='ltr'>Accipe,</span> <span class='ocrx_word' id='word_1_70' title='bbox 438 1751 491 1802; x_wconf 78' lang='lat' dir='ltr'>pare</span> <span class='ocrx_word' id='word_1_71' title='bbox 501 1740 587 1786; x_wconf 69' lang='lat' dir='ltr'>anime</span> <span class='ocrx_word' id='word_1_72' title='bbox 600 1753 702 1802; x_wconf 71' lang='lat' dir='ltr'>magne,</span> <span class='ocrx_word' id='word_1_73' title='bbox 714 1739 811 1795; x_wconf 87' lang='lat' dir='ltr'>Severe,</span> <span class='ocrx_word' id='word_1_74' title='bbox 825 1751 894 1786; x_wconf 74' lang='lat' dir='ltr'>mee.</span> 
     </span>
    </p>

    <p class='ocr_par' dir='ltr' id='par_1_5' title="bbox 292 1811 994 1942">
     <span class='ocr_line' id='line_1_15' title="bbox 292 1811 994 1882; baseline 0.001 -20"><span class='ocrx_word' id='word_1_75' title='bbox 292 1813 359 1863; x_wconf 84' lang='lat' dir='ltr'>Neve</span> <span class='ocrx_word' id='word_1_76' title='bbox 371 1830 428 1878; x_wconf 78' lang='lat' dir='ltr'>roga</span> <span class='ocrx_word' id='word_1_77' title='bbox 435 1849 444 1874; x_wconf 87' lang='lat'>,</span> <span class='ocrx_word' id='word_1_78' title='bbox 455 1812 515 1880; x_wconf 90' lang='lat' dir='ltr'>quid</span> <span class='ocrx_word' id='word_1_79' title='bbox 526 1831 595 1881; x_wconf 78' lang='lat' dir='ltr'>agam</span> <span class='ocrx_word' id='word_1_80' title='bbox 608 1817 643 1864; x_wconf 83' lang='lat' dir='ltr'>:si</span> <span class='ocrx_word' id='word_1_81' title='bbox 659 1817 784 1882; x_wconf 76' lang='lat' dir='ltr'>persequar</span> <span class='ocrx_word' id='word_1_82' title='bbox 798 1818 881 1864; x_wconf 79' lang='lat' dir='ltr'>omnia</span> <span class='ocrx_word' id='word_1_83' title='bbox 888 1848 897 1875; x_wconf 93' lang='lat'>‚</span> <span class='ocrx_word' id='word_1_84' title='bbox 910 1811 994 1864; x_wconf 79' lang='lat' dir='ltr'>flebite</span> 
     </span>
     <span class='ocr_line' id='line_1_16' title="bbox 324 1893 800 1942; baseline -0.002 -1"><span class='ocrx_word' id='word_1_85' title='bbox 324 1893 422 1942; x_wconf 79' lang='lat' dir='ltr'>Summa</span> <span class='ocrx_word' id='word_1_86' title='bbox 438 1894 493 1942; x_wconf 79' lang='lat' dir='ltr'>satir</span> <span class='ocrx_word' id='word_1_87' title='bbox 502 1893 575 1942; x_wconf 89' lang='lat' dir='ltr'>nostri</span> <span class='ocrx_word' id='word_1_88' title='bbox 587 1897 607 1942; x_wconf 87' lang='lat' dir='ltr'>si</span> <span class='ocrx_word' id='word_1_89' title='bbox 617 1894 660 1942; x_wconf 90' lang='lat' dir='ltr'>tibi</span> <span class='ocrx_word' id='word_1_90' title='bbox 667 1909 725 1942; x_wconf 81' lang='lat' dir='ltr'>nota</span> <span class='ocrx_word' id='word_1_91' title='bbox 733 1893 800 1942; x_wconf 82' lang='lat' dir='ltr'>mali.</span> 
     </span>
    </p>

    <p class='ocr_par' dir='ltr' id='par_1_6' title="bbox 263 1970 886 2114">
     <span class='ocr_line' id='line_1_17' title="bbox 263 1970 886 2037; baseline -0.005 -16"><span class='ocrx_word' id='word_1_92' title='bbox 263 1979 272 2025; x_wconf 81' lang='lat'><em>5</em></span> <span class='ocrx_word' id='word_1_93' title='bbox 292 1971 402 2021; x_wconf 84' lang='lat' dir='ltr'>Vivimus</span> <span class='ocrx_word' id='word_1_94' title='bbox 413 1970 511 2020; x_wconf 83' lang='lat' dir='ltr'>assiduis</span> <span class='ocrx_word' id='word_1_95' title='bbox 523 2007 531 2030; x_wconf 93' lang='lat'>,</span> <span class='ocrx_word' id='word_1_96' title='bbox 545 1988 650 2036; x_wconf 81' lang='lat' dir='ltr'>expertes</span> <span class='ocrx_word' id='word_1_97' title='bbox 662 1974 743 2037; x_wconf 84' lang='lat' dir='ltr'>pacis,</span> <span class='ocrx_word' id='word_1_98' title='bbox 758 1975 783 2020; x_wconf 89' lang='lat' dir='ltr'>in</span> <span class='ocrx_word' id='word_1_99' title='bbox 795 1972 866 2022; x_wconf 85' lang='lat' dir='ltr'>armis</span> <span class='ocrx_word' id='word_1_100' title='bbox 877 2003 886 2030; x_wconf 93' lang='lat'>‚</span> 
     </span>
     <span class='ocr_line' id='line_1_18' title="bbox 323 2047 810 2114; baseline 0 -18"><span class='ocrx_word' id='word_1_101' title='bbox 323 2049 383 2096; x_wconf 86' lang='lat' dir='ltr'>Dira</span> <span class='ocrx_word' id='word_1_102' title='bbox 392 2051 529 2114; x_wconf 82' lang='lat' dir='ltr'>pharetrato</span> <span class='ocrx_word' id='word_1_103' title='bbox 542 2050 605 2098; x_wconf 76' lang='lat' dir='ltr'>bella</span> <span class='ocrx_word' id='word_1_104' title='bbox 616 2065 728 2100; x_wconf 81' lang='lat' dir='ltr'>movente</span> <span class='ocrx_word' id='word_1_105' title='bbox 739 2047 810 2100; x_wconf 75' lang='lat' dir='ltr'>Getd.</span> 
     </span>
    </p>

    <p class='ocr_par' dir='ltr' id='par_1_7' title="bbox 292 2126 990 2270">
     <span class='ocr_line' id='line_1_19' title="bbox 292 2126 990 2192; baseline 0.004 -19"><span class='ocrx_word' id='word_1_106' title='bbox 292 2126 375 2191; x_wconf 84' lang='lat' dir='ltr'>Deque</span> <span class='ocrx_word' id='word_1_107' title='bbox 386 2141 423 2174; x_wconf 92' lang='lat' dir='ltr'>tot</span> <span class='ocrx_word' id='word_1_108' title='bbox 434 2127 535 2192; x_wconf 83' lang='lat' dir='ltr'>expulsis</span> <span class='ocrx_word' id='word_1_109' title='bbox 546 2129 598 2176; x_wconf 81' lang='lat' dir='ltr'>sum</span> <span class='ocrx_word' id='word_1_110' title='bbox 610 2129 680 2176; x_wconf 87' lang='lat' dir='ltr'>miles</span> <span class='ocrx_word' id='word_1_111' title='bbox 690 2131 715 2178; x_wconf 87' lang='lat' dir='ltr'>in</span> <span class='ocrx_word' id='word_1_112' title='bbox 726 2128 803 2178; x_wconf 81' lang='lat' dir='ltr'>exsule</span> <span class='ocrx_word' id='word_1_113' title='bbox 812 2127 884 2176; x_wconf 85' lang='lat' dir='ltr'>solus.</span> <span class='ocrx_word' id='word_1_114' title='bbox 986 2181 990 2188; x_wconf 34' lang='lat'>¹</span> 
     </span>
     <span class='ocr_line' id='line_1_20' title="bbox 324 2201 840 2270; baseline -0.002 -18"><span class='ocrx_word' id='word_1_115' title='bbox 324 2204 406 2262; x_wconf 80' lang='lat' dir='ltr'>Tuta,</span> <span class='ocrx_word' id='word_1_116' title='bbox 417 2220 460 2251; x_wconf 89' lang='lat' dir='ltr'>nec</span> <span class='ocrx_word' id='word_1_117' title='bbox 472 2201 587 2264; x_wconf 85' lang='lat' dir='ltr'>invideo,</span> <span class='ocrx_word' id='word_1_118' title='bbox 600 2219 677 2254; x_wconf 79' lang='lat' dir='ltr'>cetera</span> <span class='ocrx_word' id='word_1_119' title='bbox 690 2206 759 2256; x_wconf 84' lang='lat' dir='ltr'>turba</span> <span class='ocrx_word' id='word_1_120' title='bbox 769 2209 840 2270; x_wconf 78' lang='lat' dir='ltr'>jacet.</span> 
     </span>
    </p>

    <p class='ocr_par' dir='ltr' id='par_1_8' title="bbox 293 2280 907 2348">
     <span class='ocr_line' id='line_1_21' title="bbox 293 2280 907 2348; baseline 0.005 -19"><span class='ocrx_word' id='word_1_121' title='bbox 293 2280 396 2347; x_wconf 78' lang='lat' dir='ltr'>Qudqxe</span> <span class='ocrx_word' id='word_1_122' title='bbox 408 2285 484 2346; x_wconf 82' lang='lat' dir='ltr'>magis</span> <span class='ocrx_word' id='word_1_123' title='bbox 495 2283 587 2332; x_wconf 86' lang='lat' dir='ltr'>nostros</span> <span class='ocrx_word' id='word_1_124' title='bbox 597 2283 667 2332; x_wconf 70' lang='lat' dir='ltr'>venii</span> <span class='ocrx_word' id='word_1_125' title='bbox 679 2281 777 2348; x_wconf 84' lang='lat' dir='ltr'>dignere</span> <span class='ocrx_word' id='word_1_126' title='bbox 792 2282 885 2332; x_wconf 81' lang='lat' dir='ltr'>libellos</span> <span class='ocrx_word' id='word_1_127' title='bbox 897 2318 907 2343; x_wconf 89' lang='lat'>‚</span> 
     </span>
    </p>
   </div>
   <div class='ocr_carea' id='block_1_5' title="bbox 154 2359 831 2428">
    <p class='ocr_par' dir='ltr' id='par_1_9' title="bbox 154 2359 831 2428">
     <span class='ocr_line' id='line_1_22' title="bbox 154 2359 831 2428; baseline -0.001 -17"><span class='ocrx_word' id='word_1_128' title='bbox 154 2401 159 2411; x_wconf 88' lang='lat'>.</span> <span class='ocrx_word' id='word_1_129' title='bbox 247 2379 276 2412; x_wconf 87' lang='lat' dir='ltr'>to</span> <span class='ocrx_word' id='word_1_130' title='bbox 326 2359 383 2408; x_wconf 76' lang='lat' dir='ltr'>iiaec</span> <span class='ocrx_word' id='word_1_131' title='bbox 401 2361 426 2408; x_wconf 88' lang='lat' dir='ltr'>in</span> <span class='ocrx_word' id='word_1_132' title='bbox 435 2362 560 2424; x_wconf 67' lang='lat' dir='ltr'>procindiu</span> <span class='ocrx_word' id='word_1_133' title='bbox 571 2363 676 2410; x_wconf 78' lang='lat' dir='ltr'>carmina</span> <span class='ocrx_word' id='word_1_134' title='bbox 689 2362 748 2410; x_wconf 77' lang='lat' dir='ltr'>fasta</span> <span class='ocrx_word' id='word_1_135' title='bbox 759 2362 831 2428; x_wconf 74' lang='lat' dir='ltr'>leges.</span> 
     </span>
    </p>
   </div>
   <div class='ocr_carea' id='block_1_6' title="bbox 248 2439 923 2818">
    <p class='ocr_par' dir='ltr' id='par_1_10' title="bbox 248 2439 923 2818">
     <span class='ocr_line' id='line_1_23' title="bbox 293 2439 880 2503; baseline 0.002 -16"><span class='ocrx_word' id='word_1_136' title='bbox 293 2440 345 2489; x_wconf 80' lang='lat' dir='ltr'>Stat</span> <span class='ocrx_word' id='word_1_137' title='bbox 357 2453 424 2488; x_wconf 83' lang='lat' dir='ltr'>vetus</span> <span class='ocrx_word' id='word_1_138' title='bbox 435 2439 490 2486; x_wconf 84' lang='lat' dir='ltr'>urbs</span> <span class='ocrx_word' id='word_1_139' title='bbox 497 2473 506 2498; x_wconf 90' lang='lat'>‚</span> <span class='ocrx_word' id='word_1_140' title='bbox 517 2442 574 2503; x_wconf 71' lang='lat' dir='ltr'>ripe</span> <span class='ocrx_word' id='word_1_141' title='bbox 582 2443 662 2490; x_wconf 83' lang='lat' dir='ltr'>vicina</span> <span class='ocrx_word' id='word_1_142' title='bbox 672 2440 801 2488; x_wconf 84' lang='lat' dir='ltr'>binominis</span> <span class='ocrx_word' id='word_1_143' title='bbox 812 2439 880 2499; x_wconf 84' lang='lat' dir='ltr'>istri,</span> 
     </span>
     <span class='ocr_line' id='line_1_24' title="bbox 324 2515 823 2582; baseline 0 -16"><span class='ocrx_word' id='word_1_144' title='bbox 324 2518 447 2567; x_wconf 79' lang='lat' dir='ltr'>Moeuibus</span> <span class='ocrx_word' id='word_1_145' title='bbox 460 2521 484 2566; x_wconf 74' lang='grc' dir='ltr'>δι</span> <span class='ocrx_word' id='word_1_146' title='bbox 496 2521 575 2582; x_wconf 87' lang='lat' dir='ltr'>positu</span> <span class='ocrx_word' id='word_1_147' title='bbox 591 2520 631 2567; x_wconf 88' lang='lat' dir='ltr'>vix</span> <span class='ocrx_word' id='word_1_148' title='bbox 642 2515 750 2568; x_wconf 80' lang='lat' dir='ltr'>adeunda</span> <span class='ocrx_word' id='word_1_149' title='bbox 764 2516 823 2566; x_wconf 88' lang='lat' dir='ltr'>loci.</span> 
     </span>
     <span class='ocr_line' id='line_1_25' title="bbox 293 2593 852 2660; baseline -0.002 -15"><span class='ocrx_word' id='word_1_150' title='bbox 293 2593 393 2659; x_wconf 75' lang='lat' dir='ltr'>Caspius</span> <span class='ocrx_word' id='word_1_151' title='bbox 405 2595 536 2660; x_wconf 67' lang='lat' dir='ltr'>AEgypspr,</span> <span class='ocrx_word' id='word_1_152' title='bbox 548 2595 609 2645; x_wconf 89' lang='lat' dir='ltr'>dese</span> <span class='ocrx_word' id='word_1_153' title='bbox 620 2599 639 2644; x_wconf 89' lang='lat' dir='ltr'>si</span> <span class='ocrx_word' id='word_1_154' title='bbox 650 2594 768 2646; x_wconf 79' lang='lat' dir='ltr'>credimus</span> <span class='ocrx_word' id='word_1_155' title='bbox 779 2598 852 2660; x_wconf 84' lang='lat' dir='ltr'>ipsis,</span> 
     </span>
     <span class='ocr_line' id='line_1_26' title="bbox 326 2673 869 2742; baseline 0 -18"><span class='ocrx_word' id='word_1_156' title='bbox 326 2673 465 2734; x_wconf 76' lang='lat' dir='ltr'>Condidit3</span> <span class='ocrx_word' id='word_1_157' title='bbox 476 2679 501 2724; x_wconf 77' lang='grc' dir='ltr'>δι</span> <span class='ocrx_word' id='word_1_158' title='bbox 512 2677 609 2742; x_wconf 84' lang='lat' dir='ltr'>proprio</span> <span class='ocrx_word' id='word_1_159' title='bbox 620 2677 718 2726; x_wconf 90' lang='lat' dir='ltr'>nomine</span> <span class='ocrx_word' id='word_1_160' title='bbox 728 2673 789 2726; x_wconf 80' lang='lat' dir='ltr'>dixit</span> <span class='ocrx_word' id='word_1_161' title='bbox 800 2691 869 2740; x_wconf 83' lang='lat' dir='ltr'>opus.</span> 
     </span>
     <span class='ocr_line' id='line_1_27' title="bbox 248 2751 923 2818; baseline -0.001 -15"><span class='ocrx_word' id='word_1_162' title='bbox 248 2756 274 2803; x_wconf 82' lang='lat'>15</span> <span class='ocrx_word' id='word_1_163' title='bbox 294 2751 362 2802; x_wconf 82' lang='lat' dir='ltr'>Hanc</span> <span class='ocrx_word' id='word_1_164' title='bbox 380 2753 461 2813; x_wconf 82' lang='lat' dir='ltr'>ferus,</span> <span class='ocrx_word' id='word_1_165' title='bbox 476 2752 583 2817; x_wconf 83' lang='lat' dir='ltr'>Odrysiis</span> <span class='ocrx_word' id='word_1_166' title='bbox 594 2757 694 2818; x_wconf 89' lang='lat' dir='ltr'>inopino</span> <span class='ocrx_word' id='word_1_167' title='bbox 705 2754 782 2802; x_wconf 83' lang='lat' dir='ltr'>Marte</span> <span class='ocrx_word' id='word_1_168' title='bbox 794 2757 923 2818; x_wconf 80' lang='lat' dir='ltr'>peremtis,</span> 
     </span>
    </p>
   </div>
   <div class='ocr_carea' id='block_1_7' title="bbox 293 2831 941 3034">
    <p class='ocr_par' dir='ltr' id='par_1_11' title="bbox 293 2831 941 3034">
     <span class='ocr_line' id='line_1_28' title="bbox 325 2831 873 2896; baseline -0.005 -14"><span class='ocrx_word' id='word_1_169' title='bbox 325 2831 414 2896; x_wconf 83' lang='lat' dir='ltr'>Cepit,</span> <span class='ocrx_word' id='word_1_170' title='bbox 428 2837 452 2882; x_wconf 72' lang='grc' dir='ltr'>ὁ(</span> <span class='ocrx_word' id='word_1_171' title='bbox 463 2836 489 2881; x_wconf 88' lang='lat' dir='ltr'>in</span> <span class='ocrx_word' id='word_1_172' title='bbox 503 2849 583 2896; x_wconf 81' lang='lat' dir='ltr'>regem</span> <span class='ocrx_word' id='word_1_173' title='bbox 596 2832 687 2881; x_wconf 90' lang='lat' dir='ltr'>sustulit</span> <span class='ocrx_word' id='word_1_174' title='bbox 698 2847 777 2888; x_wconf 81' lang='lat' dir='ltr'>arma,</span> <span class='ocrx_word' id='word_1_175' title='bbox 792 2831 873 2880; x_wconf 83' lang='lat' dir='ltr'>Getes.</span> 
     </span>
     <span class='ocr_line' id='line_1_29' title="bbox 293 2902 941 2970; baseline -0.002 -16"><span class='ocrx_word' id='word_1_176' title='bbox 293 2905 338 2956; x_wconf 84' lang='lat' dir='ltr'>lile</span> <span class='ocrx_word' id='word_1_177' title='bbox 354 2923 448 2956; x_wconf 86' lang='lat' dir='ltr'>memor</span> <span class='ocrx_word' id='word_1_178' title='bbox 459 2909 539 2970; x_wconf 78' lang='lat' dir='ltr'>magni</span> <span class='ocrx_word' id='word_1_179' title='bbox 550 2908 641 2969; x_wconf 85' lang='lat' dir='ltr'>generis</span> <span class='ocrx_word' id='word_1_180' title='bbox 653 2939 661 2966; x_wconf 91' lang='lat'>,</span> <span class='ocrx_word' id='word_1_181' title='bbox 675 2907 762 2954; x_wconf 87' lang='lat' dir='ltr'>virtute</span> <span class='ocrx_word' id='word_1_182' title='bbox 777 2902 844 2968; x_wconf 91' lang='lat' dir='ltr'>quod</span> <span class='ocrx_word' id='word_1_183' title='bbox 855 2919 941 2968; x_wconf 77' lang='lat' dir='ltr'>auget,</span> 
     </span>
     <span class='ocr_line' id='line_1_30' title="bbox 326 2977 844 3034; baseline -0.01 -1"><span class='ocrx_word' id='word_1_184' title='bbox 326 2985 435 3034; x_wconf 80' lang='lat' dir='ltr'>Protinus</span> <span class='ocrx_word' id='word_1_185' title='bbox 447 2987 573 3033; x_wconf 88' lang='lat' dir='ltr'>innumero</span> <span class='ocrx_word' id='word_1_186' title='bbox 583 2982 663 3033; x_wconf 87' lang='lat' dir='ltr'>milite</span> <span class='ocrx_word' id='word_1_187' title='bbox 675 2983 762 3032; x_wconf 61' lang='lat' dir='ltr'>cincius</span> <span class='ocrx_word' id='word_1_188' title='bbox 771 2977 844 3032; x_wconf 82' lang='lat' dir='ltr'>adest.</span> 
     </span>
    </p>
   </div>
   <div class='ocr_carea' id='block_1_8' title="bbox 294 3055 958 3130">
    <p class='ocr_par' dir='ltr' id='par_1_12' title="bbox 294 3055 958 3130">
     <span class='ocr_line' id='line_1_31' title="bbox 294 3055 958 3130; baseline 0 -20"><span class='ocrx_word' id='word_1_189' title='bbox 294 3061 346 3111; x_wconf 82' lang='lat' dir='ltr'>Nec</span> <span class='ocrx_word' id='word_1_190' title='bbox 358 3061 422 3128; x_wconf 82' lang='lat' dir='ltr'>priris</span> <span class='ocrx_word' id='word_1_191' title='bbox 432 3062 557 3125; x_wconf 78' lang='lat' dir='ltr'>abscessit,</span> <span class='ocrx_word' id='word_1_192' title='bbox 570 3059 657 3112; x_wconf 76' lang='lat' dir='ltr'>metiti</span> <span class='ocrx_word' id='word_1_193' title='bbox 665 3057 740 3130; x_wconf 72' lang='lat' dir='ltr'>quint</span> <span class='ocrx_word' id='word_1_194' title='bbox 751 3055 815 3111; x_wconf 73' lang='lat' dir='ltr'>cede</span> <span class='ocrx_word' id='word_1_195' title='bbox 824 3055 958 3110; x_wconf 75' lang='lat' dir='ltr'>nocentum</span> 
     </span>
    </p>
   </div>
   <div class='ocr_carea' id='block_1_9' title="bbox 0 0 1172 3917">
    <p class='ocr_par' dir='ltr' id='par_1_13' title="bbox 0 0 1172 3917">
     <span class='ocr_line' id='line_1_32' title="bbox 0 0 1172 3917; baseline 0 0"><span class='ocrx_word' id='word_1_196' title='bbox 0 0 1172 3917; x_wconf 95' lang='lat' dir='ltr'> </span> 
     </span>
    </p>
   </div>
  </div>
 </body>
</html>
