<?xml version="1.0" encoding="UTF-8"?>
<!DOCTYPE html PUBLIC "-//W3C//DTD XHTML 1.0 Transitional//EN"
    "http://www.w3.org/TR/xhtml1/DTD/xhtml1-transitional.dtd">
<html xmlns="http://www.w3.org/1999/xhtml" xml:lang="en" lang="en">
 <head>
  <title>
</title>
<meta http-equiv="Content-Type" content="text/html;charset=utf-8" />
  <meta name='ocr-system' content='tesseract 3.04.00' />
  <meta name='ocr-capabilities' content='ocr_page ocr_carea ocr_par ocr_line ocrx_word'/>
</head>
<body>
  <div class='ocr_page' id='page_1' title='image "./povidiinasoniso05ovidgoog_0220.png"; bbox 0 0 2334 3917; ppageno 0'>
   <div class='ocr_carea' id='block_1_1' title="bbox 268 403 962 798">
    <p class='ocr_par' dir='ltr' id='par_1_1' title="bbox 268 403 962 798">
     <span class='ocr_line' id='line_1_1' title="bbox 268 403 843 476; baseline -0.007 -1"><span class='ocrx_word' id='word_1_1' title='bbox 268 431 336 476; x_wconf 89' lang='lat'>210</span> <span class='ocrx_word' id='word_1_2' title='bbox 395 407 438 474; x_wconf 91' lang='lat' dir='ltr'>P.</span> <span class='ocrx_word' id='word_1_3' title='bbox 469 407 625 473; x_wconf 74' lang='lat' dir='ltr'>Ovrnrr</span> <span class='ocrx_word' id='word_1_4' title='bbox 647 403 843 472; x_wconf 73' lang='lat' dir='ltr'>NAsours</span> 
     </span>
     <span class='ocr_line' id='line_1_2' title="bbox 282 550 962 649; baseline 0.001 -10"><span class='ocrx_word' id='word_1_5' title='bbox 282 550 962 649; x_wconf 38' lang='lat' dir='ltr'>sss-r--aessiv‘rffie-ss--z-ul</span> 
     </span>
     <span class='ocr_line' id='line_1_3' title="bbox 436 735 803 798; baseline 0.003 -3"><span class='ocrx_word' id='word_1_6' title='bbox 436 735 462 795; x_wconf 86' lang='lat' dir='ltr'>E</span> <span class='ocrx_word' id='word_1_7' title='bbox 483 737 508 795; x_wconf 94' lang='lat' dir='ltr'>L</span> <span class='ocrx_word' id='word_1_8' title='bbox 531 736 558 796; x_wconf 85' lang='grc' dir='ltr'>Ε</span> <span class='ocrx_word' id='word_1_9' title='bbox 578 736 609 798; x_wconf 87' lang='lat' dir='ltr'>G</span> <span class='ocrx_word' id='word_1_10' title='bbox 628 737 642 797; x_wconf 93' lang='lat' dir='ltr'>l</span> <span class='ocrx_word' id='word_1_11' title='bbox 665 735 693 796; x_wconf 87' lang='grc' dir='ltr'>Α</span> <span class='ocrx_word' id='word_1_12' title='bbox 733 736 803 798; x_wconf 91' lang='lat' dir='ltr'>IV.</span> 
     </span>
    </p>
   </div>
   <div class='ocr_carea' id='block_1_2' title="bbox 268 825 975 963">
    <p class='ocr_par' dir='ltr' id='par_1_2' title="bbox 268 825 975 963">
     <span class='ocr_line' id='line_1_4' title="bbox 268 825 975 963; baseline -0.004 -14"><span class='ocrx_word' id='word_1_13' title='bbox 268 825 333 950; x_wconf 89' lang='grc' dir='ltr'>Ο</span> <span class='ocrx_word' id='word_1_14' title='bbox 345 897 352 946; x_wconf 87' lang='lat'><strong>!</strong></span> <span class='ocrx_word' id='word_1_15' title='bbox 370 913 435 946; x_wconf 78' lang='lat' dir='ltr'>srrrrr</span> <span class='ocrx_word' id='word_1_16' title='bbox 452 913 506 947; x_wconf 80' lang='lat' dir='ltr'>care</span> <span class='ocrx_word' id='word_1_17' title='bbox 515 895 614 963; x_wconf 85' lang='lat' dir='ltr'>quidem</span> <span class='ocrx_word' id='word_1_18' title='bbox 625 900 731 963; x_wconf 82' lang='lat' dir='ltr'>semper,</span> <span class='ocrx_word' id='word_1_19' title='bbox 743 896 785 948; x_wconf 87' lang='lat' dir='ltr'>sed</span> <span class='ocrx_word' id='word_1_20' title='bbox 795 913 902 962; x_wconf 87' lang='lat' dir='ltr'>ternpore</span> <span class='ocrx_word' id='word_1_21' title='bbox 913 895 975 947; x_wconf 91' lang='lat' dir='ltr'>duro</span> 
     </span>
    </p>
   </div>
   <div class='ocr_carea' id='block_1_3' title="bbox 206 975 1004 3153">
    <p class='ocr_par' dir='ltr' id='par_1_3' title="bbox 206 975 1004 3153">
     <span class='ocr_line' id='line_1_5' title="bbox 296 975 867 1042; baseline -0.005 -13"><span class='ocrx_word' id='word_1_22' title='bbox 296 977 423 1042; x_wconf 73' lang='lat' dir='ltr'>cognite,</span> <span class='ocrx_word' id='word_1_23' title='bbox 439 993 476 1025; x_wconf 79' lang='lat' dir='ltr'>res</span> <span class='ocrx_word' id='word_1_24' title='bbox 485 977 537 1040; x_wconf 87' lang='lat' dir='ltr'>post</span> <span class='ocrx_word' id='word_1_25' title='bbox 547 975 621 1042; x_wconf 77' lang='lat' dir='ltr'>qudm</span> <span class='ocrx_word' id='word_1_26' title='bbox 631 977 779 1042; x_wconf 74' lang='lat' dir='ltr'>procubuere</span> <span class='ocrx_word' id='word_1_27' title='bbox 791 991 867 1036; x_wconf 61' lang='lat' dir='ltr'>men</span> 
     </span>
     <span class='ocr_line' id='line_1_6' title="bbox 264 1051 811 1120; baseline 0.002 -16"><span class='ocrx_word' id='word_1_28' title='bbox 264 1055 352 1104; x_wconf 84' lang='lat' dir='ltr'>Usibus</span> <span class='ocrx_word' id='word_1_29' title='bbox 363 1053 449 1104; x_wconf 77' lang='lat' dir='ltr'>edouo</span> <span class='ocrx_word' id='word_1_30' title='bbox 459 1057 478 1102; x_wconf 88' lang='lat' dir='ltr'>si</span> <span class='ocrx_word' id='word_1_31' title='bbox 488 1051 620 1120; x_wconf 83' lang='lat' dir='ltr'>quidquam</span> <span class='ocrx_word' id='word_1_32' title='bbox 628 1053 704 1104; x_wconf 85' lang='lat' dir='ltr'>credis</span> <span class='ocrx_word' id='word_1_33' title='bbox 718 1058 811 1116; x_wconf 81' lang='lat' dir='ltr'>amico,</span> 
     </span>
     <span class='ocr_line' id='line_1_7' title="bbox 250 1131 844 1198; baseline 0.002 -17"><span class='ocrx_word' id='word_1_34' title='bbox 250 1133 253 1140; x_wconf 87' lang='lat'>&#39;</span> <span class='ocrx_word' id='word_1_35' title='bbox 297 1133 358 1182; x_wconf 86' lang='lat' dir='ltr'>Vive</span> <span class='ocrx_word' id='word_1_36' title='bbox 370 1133 414 1181; x_wconf 89' lang='lat' dir='ltr'>ribi</span> <span class='ocrx_word' id='word_1_37' title='bbox 425 1165 434 1191; x_wconf 83' lang='lat'>‚</span> <span class='ocrx_word' id='word_1_38' title='bbox 444 1135 469 1180; x_wconf 77' lang='lat' dir='ltr'>dc</span> <span class='ocrx_word' id='word_1_39' title='bbox 485 1131 557 1197; x_wconf 74' lang='lat' dir='ltr'>longd</span> <span class='ocrx_word' id='word_1_40' title='bbox 568 1135 668 1183; x_wconf 86' lang='lat' dir='ltr'>nomina</span> <span class='ocrx_word' id='word_1_41' title='bbox 679 1149 764 1198; x_wconf 82' lang='lat' dir='ltr'>magua</span> <span class='ocrx_word' id='word_1_42' title='bbox 779 1134 844 1198; x_wconf 79' lang='lat' dir='ltr'>fuge.</span> 
     </span>
     <span class='ocr_line' id='line_1_8' title="bbox 236 1211 879 1275; baseline 0 -15"><span class='ocrx_word' id='word_1_43' title='bbox 236 1222 247 1268; x_wconf 73' lang='grc' dir='ltr'><strong><em>ς</em></strong></span> <span class='ocrx_word' id='word_1_44' title='bbox 266 1211 326 1260; x_wconf 86' lang='lat' dir='ltr'>Vive</span> <span class='ocrx_word' id='word_1_45' title='bbox 339 1211 382 1259; x_wconf 87' lang='lat' dir='ltr'>tibi</span> <span class='ocrx_word' id='word_1_46' title='bbox 392 1244 400 1269; x_wconf 91' lang='lat'><strong><em>‚</em></strong></span> <span class='ocrx_word' id='word_1_47' title='bbox 412 1223 576 1275; x_wconf 79' lang='lat' dir='ltr'>quantumque</span> <span class='ocrx_word' id='word_1_48' title='bbox 586 1225 670 1274; x_wconf 86' lang='lat' dir='ltr'>potes,</span> <span class='ocrx_word' id='word_1_49' title='bbox 683 1211 811 1275; x_wconf 74' lang='lat' dir='ltr'>praelustria</span> <span class='ocrx_word' id='word_1_50' title='bbox 820 1215 879 1261; x_wconf 82' lang='lat' dir='ltr'>vitu.</span> 
     </span>
     <span class='ocr_line' id='line_1_9' title="bbox 298 1286 812 1353; baseline -0.002 -15"><span class='ocrx_word' id='word_1_51' title='bbox 298 1291 391 1339; x_wconf 81' lang='lat' dir='ltr'>Saevum</span> <span class='ocrx_word' id='word_1_52' title='bbox 407 1287 521 1353; x_wconf 78' lang='lat' dir='ltr'>praelustri</span> <span class='ocrx_word' id='word_1_53' title='bbox 532 1286 625 1337; x_wconf 81' lang='lat' dir='ltr'>fulmen</span> <span class='ocrx_word' id='word_1_54' title='bbox 637 1289 728 1338; x_wconf 75' lang='lat' dir='ltr'>abarce</span> <span class='ocrx_word' id='word_1_55' title='bbox 739 1292 812 1339; x_wconf 83' lang='lat' dir='ltr'>venit.</span> 
     </span>
     <span class='ocr_line' id='line_1_10' title="bbox 265 1355 898 1433; baseline -0.002 -16"><span class='ocrx_word' id='word_1_56' title='bbox 265 1355 330 1417; x_wconf 81' lang='lat' dir='ltr'>Nam</span> <span class='ocrx_word' id='word_1_57' title='bbox 340 1365 539 1433; x_wconf 79' lang='lat' dir='ltr'>quamquamsoli</span> <span class='ocrx_word' id='word_1_58' title='bbox 550 1363 647 1431; x_wconf 80' lang='lat' dir='ltr'>possunt</span> <span class='ocrx_word' id='word_1_59' title='bbox 654 1365 761 1431; x_wconf 85' lang='lat' dir='ltr'>prodesse</span> <span class='ocrx_word' id='word_1_60' title='bbox 770 1381 898 1432; x_wconf 66' lang='lat' dir='ltr'>potentesr</span> 
     </span>
     <span class='ocr_line' id='line_1_11' title="bbox 298 1442 820 1510; baseline -0.006 -15"><span class='ocrx_word' id='word_1_61' title='bbox 298 1444 356 1495; x_wconf 89' lang='lat' dir='ltr'>Non</span> <span class='ocrx_word' id='word_1_62' title='bbox 366 1448 442 1510; x_wconf 78' lang='lat' dir='ltr'>prosit</span> <span class='ocrx_word' id='word_1_63' title='bbox 448 1446 541 1509; x_wconf 86' lang='lat' dir='ltr'>potius,</span> <span class='ocrx_word' id='word_1_64' title='bbox 551 1447 571 1493; x_wconf 91' lang='lat' dir='ltr'>si</span> <span class='ocrx_word' id='word_1_65' title='bbox 581 1447 634 1510; x_wconf 88' lang='lat' dir='ltr'>quis</span> <span class='ocrx_word' id='word_1_66' title='bbox 645 1442 725 1494; x_wconf 78' lang='lat' dir='ltr'>obesse</span> <span class='ocrx_word' id='word_1_67' title='bbox 736 1445 820 1509; x_wconf 81' lang='lat' dir='ltr'>potest.</span> 
     </span>
     <span class='ocr_line' id='line_1_12' title="bbox 266 1518 846 1589; baseline -0.002 -17"><span class='ocrx_word' id='word_1_68' title='bbox 266 1521 360 1589; x_wconf 75' lang='lat' dir='ltr'>Effugit</span> <span class='ocrx_word' id='word_1_69' title='bbox 371 1524 481 1572; x_wconf 78' lang='lat' dir='ltr'>hibernas</span> <span class='ocrx_word' id='word_1_70' title='bbox 493 1518 592 1571; x_wconf 77' lang='lat' dir='ltr'>demisse</span> <span class='ocrx_word' id='word_1_71' title='bbox 602 1537 705 1572; x_wconf 82' lang='lat' dir='ltr'>antenna</span> <span class='ocrx_word' id='word_1_72' title='bbox 715 1521 846 1587; x_wconf 78' lang='lat' dir='ltr'>procellae,</span> 
     </span>
     <span class='ocr_line' id='line_1_13' title="bbox 222 1600 835 1668; baseline -0.003 -17"><span class='ocrx_word' id='word_1_73' title='bbox 222 1610 251 1645; x_wconf 86' lang='lat'>10</span> <span class='ocrx_word' id='word_1_74' title='bbox 300 1601 406 1668; x_wconf 78' lang='lat' dir='ltr'>Lucaque</span> <span class='ocrx_word' id='word_1_75' title='bbox 418 1601 471 1666; x_wconf 85' lang='lat' dir='ltr'>plus</span> <span class='ocrx_word' id='word_1_76' title='bbox 482 1603 560 1666; x_wconf 85' lang='lat' dir='ltr'>parvis</span> <span class='ocrx_word' id='word_1_77' title='bbox 569 1600 623 1650; x_wconf 83' lang='lat' dir='ltr'>vela</span> <span class='ocrx_word' id='word_1_78' title='bbox 634 1603 726 1649; x_wconf 85' lang='lat' dir='ltr'>timoris</span> <span class='ocrx_word' id='word_1_79' title='bbox 738 1601 835 1649; x_wconf 82' lang='lat' dir='ltr'>habent.</span> 
     </span>
     <span class='ocr_line' id='line_1_14' title="bbox 266 1675 920 1745; baseline -0.003 -16"><span class='ocrx_word' id='word_1_80' title='bbox 266 1681 374 1745; x_wconf 80' lang='lat' dir='ltr'>Aspicis,</span> <span class='ocrx_word' id='word_1_81' title='bbox 390 1693 419 1729; x_wconf 92' lang='lat' dir='ltr'>ut</span> <span class='ocrx_word' id='word_1_82' title='bbox 429 1679 523 1736; x_wconf 72' lang='lat' dir='ltr'>summi</span> <span class='ocrx_word' id='word_1_83' title='bbox 537 1693 619 1730; x_wconf 83' lang='lat' dir='ltr'>cortex</span> <span class='ocrx_word' id='word_1_84' title='bbox 628 1677 687 1727; x_wconf 86' lang='lat' dir='ltr'>levis</span> <span class='ocrx_word' id='word_1_85' title='bbox 696 1681 788 1728; x_wconf 80' lang='lat' dir='ltr'>innatet</span> <span class='ocrx_word' id='word_1_86' title='bbox 798 1675 880 1739; x_wconf 80' lang='lat' dir='ltr'>undd,</span> <span class='ocrx_word' id='word_1_87' title='bbox 912 1685 920 1702; x_wconf 82' lang='lat'>¹</span> 
     </span>
     <span class='ocr_line' id='line_1_15' title="bbox 206 1747 977 1824; baseline -0.005 -16"><span class='ocrx_word' id='word_1_88' title='bbox 206 1792 211 1800; x_wconf 82' lang='lat'>-</span> <span class='ocrx_word' id='word_1_89' title='bbox 300 1757 366 1808; x_wconf 87' lang='lat' dir='ltr'>Crlm</span> <span class='ocrx_word' id='word_1_90' title='bbox 381 1774 452 1824; x_wconf 66' lang='lat' dir='ltr'>gran</span> <span class='ocrx_word' id='word_1_91' title='bbox 467 1773 528 1806; x_wconf 79' lang='lat' dir='ltr'>nexa</span> <span class='ocrx_word' id='word_1_92' title='bbox 538 1757 610 1806; x_wconf 88' lang='lat' dir='ltr'>simul</span> <span class='ocrx_word' id='word_1_93' title='bbox 624 1759 684 1806; x_wconf 84' lang='lat' dir='ltr'>retia</span> <span class='ocrx_word' id='word_1_94' title='bbox 702 1770 794 1821; x_wconf 77' lang='lat' dir='ltr'>mergat</span> <span class='ocrx_word' id='word_1_95' title='bbox 806 1771 876 1805; x_wconf 89' lang='lat' dir='ltr'>onus.</span> <span class='ocrx_word' id='word_1_96' title='bbox 973 1747 977 1754; x_wconf 45' lang='lat'>⁸</span> 
     </span>
     <span class='ocr_line' id='line_1_16' title="bbox 268 1830 940 1902; baseline -0.006 -16"><span class='ocrx_word' id='word_1_97' title='bbox 268 1837 325 1886; x_wconf 79' lang='lat' dir='ltr'>Haec</span> <span class='ocrx_word' id='word_1_98' title='bbox 340 1853 386 1902; x_wconf 78' lang='lat' dir='ltr'>ego</span> <span class='ocrx_word' id='word_1_99' title='bbox 399 1839 418 1886; x_wconf 84' lang='lat' dir='ltr'>si</span> <span class='ocrx_word' id='word_1_100' title='bbox 435 1840 542 1886; x_wconf 89' lang='lat' dir='ltr'>monitor</span> <span class='ocrx_word' id='word_1_101' title='bbox 556 1838 664 1886; x_wconf 85' lang='lat' dir='ltr'>monitus</span> <span class='ocrx_word' id='word_1_102' title='bbox 679 1837 742 1900; x_wconf 88' lang='lat' dir='ltr'>prius</span> <span class='ocrx_word' id='word_1_103' title='bbox 757 1835 805 1899; x_wconf 88' lang='lat' dir='ltr'>ipse</span> <span class='ocrx_word' id='word_1_104' title='bbox 816 1830 940 1898; x_wconf 49' lang='lat' dir='ltr'>fuissem„</span> 
     </span>
     <span class='ocr_line' id='line_1_17' title="bbox 301 1911 843 1980; baseline -0.006 -17"><span class='ocrx_word' id='word_1_105' title='bbox 301 1915 329 1964; x_wconf 88' lang='lat' dir='ltr'>ln</span> <span class='ocrx_word' id='word_1_106' title='bbox 344 1932 391 1980; x_wconf 88' lang='lat' dir='ltr'>qua</span> <span class='ocrx_word' id='word_1_107' title='bbox 407 1911 555 1974; x_wconf 82' lang='lat' dir='ltr'>debueram,</span> <span class='ocrx_word' id='word_1_108' title='bbox 570 1914 670 1964; x_wconf 75' lang='lat' dir='ltr'>forsitan</span> <span class='ocrx_word' id='word_1_109' title='bbox 680 1913 745 1964; x_wconf 90' lang='lat' dir='ltr'>Urbe</span> <span class='ocrx_word' id='word_1_110' title='bbox 756 1913 843 1961; x_wconf 79' lang='lat' dir='ltr'>sotem.</span> 
     </span>
     <span class='ocr_line' id='line_1_18' title="bbox 222 1990 886 2051; baseline 0 -13"><span class='ocrx_word' id='word_1_111' title='bbox 222 2003 249 2051; x_wconf 83' lang='lat'>15</span> <span class='ocrx_word' id='word_1_112' title='bbox 268 1992 334 2040; x_wconf 88' lang='lat' dir='ltr'>Dum</span> <span class='ocrx_word' id='word_1_113' title='bbox 349 2007 427 2040; x_wconf 87' lang='lat' dir='ltr'>trcurn</span> <span class='ocrx_word' id='word_1_114' title='bbox 446 1996 512 2051; x_wconf 84' lang='lat' dir='ltr'>vixi,</span> <span class='ocrx_word' id='word_1_115' title='bbox 524 1990 584 2040; x_wconf 89' lang='lat' dir='ltr'>dum</span> <span class='ocrx_word' id='word_1_116' title='bbox 595 2009 634 2042; x_wconf 87' lang='lat' dir='ltr'>me</span> <span class='ocrx_word' id='word_1_117' title='bbox 644 1992 702 2042; x_wconf 87' lang='lat' dir='ltr'>levis</span> <span class='ocrx_word' id='word_1_118' title='bbox 712 2007 768 2042; x_wconf 77' lang='lat' dir='ltr'>aura</span> <span class='ocrx_word' id='word_1_119' title='bbox 780 1990 886 2045; x_wconf 81' lang='lat' dir='ltr'>serebat,</span> 
     </span>
     <span class='ocr_line' id='line_1_19' title="bbox 239 2067 887 2134; baseline -0.003 -16"><span class='ocrx_word' id='word_1_120' title='bbox 239 2093 244 2109; x_wconf 78' lang='grc' dir='ltr'>ι</span> <span class='ocrx_word' id='word_1_121' title='bbox 300 2069 357 2118; x_wconf 72' lang='lat' dir='ltr'>Huc</span> <span class='ocrx_word' id='word_1_122' title='bbox 371 2086 424 2119; x_wconf 82' lang='lat' dir='ltr'>mea</span> <span class='ocrx_word' id='word_1_123' title='bbox 436 2087 477 2134; x_wconf 91' lang='lat' dir='ltr'>per</span> <span class='ocrx_word' id='word_1_124' title='bbox 484 2067 590 2134; x_wconf 78' lang='lat' dir='ltr'>placidas</span> <span class='ocrx_word' id='word_1_125' title='bbox 600 2071 797 2132; x_wconf 79' lang='lat' dir='ltr'>cymbacucurrit</span> <span class='ocrx_word' id='word_1_126' title='bbox 807 2084 887 2134; x_wconf 74' lang='lat' dir='ltr'>aquas.</span> 
     </span>
     <span class='ocr_line' id='line_1_20' title="bbox 269 2146 1004 2212; baseline -0.001 -15"><span class='ocrx_word' id='word_1_127' title='bbox 269 2148 318 2209; x_wconf 85' lang='lat' dir='ltr'>Qui</span> <span class='ocrx_word' id='word_1_128' title='bbox 328 2146 393 2197; x_wconf 82' lang='lat' dir='ltr'>cadis</span> <span class='ocrx_word' id='word_1_129' title='bbox 409 2151 435 2196; x_wconf 89' lang='lat' dir='ltr'>in</span> <span class='ocrx_word' id='word_1_130' title='bbox 445 2147 518 2212; x_wconf 78' lang='lat' dir='ltr'>pleno</span> <span class='ocrx_word' id='word_1_131' title='bbox 529 2183 537 2206; x_wconf 87' lang='lat'>‚</span> <span class='ocrx_word' id='word_1_132' title='bbox 549 2151 591 2196; x_wconf 83' lang='lat' dir='ltr'>vix</span> <span class='ocrx_word' id='word_1_133' title='bbox 602 2151 648 2196; x_wconf 91' lang='lat' dir='ltr'>hoc</span> <span class='ocrx_word' id='word_1_134' title='bbox 659 2163 739 2198; x_wconf 81' lang='lat' dir='ltr'>tamen</span> <span class='ocrx_word' id='word_1_135' title='bbox 750 2150 831 2197; x_wconf 87' lang='lat' dir='ltr'>evenit</span> <span class='ocrx_word' id='word_1_136' title='bbox 839 2148 931 2211; x_wconf 81' lang='lat' dir='ltr'>ipsum,</span> <span class='ocrx_word' id='word_1_137' title='bbox 1000 2201 1004 2208; x_wconf 24' lang='lat'>⁸</span> 
     </span>
     <span class='ocr_line' id='line_1_21' title="bbox 302 2225 844 2291; baseline 0 -15"><span class='ocrx_word' id='word_1_138' title='bbox 302 2228 340 2276; x_wconf 82' lang='lat' dir='ltr'>sic</span> <span class='ocrx_word' id='word_1_139' title='bbox 357 2225 438 2285; x_wconf 76' lang='lat' dir='ltr'>cadit,</span> <span class='ocrx_word' id='word_1_140' title='bbox 450 2241 478 2275; x_wconf 90' lang='lat' dir='ltr'>ut</span> <span class='ocrx_word' id='word_1_141' title='bbox 488 2225 549 2275; x_wconf 73' lang='lat' dir='ltr'>radii</span> <span class='ocrx_word' id='word_1_142' title='bbox 560 2228 653 2291; x_wconf 82' lang='lat' dir='ltr'>surgere</span> <span class='ocrx_word' id='word_1_143' title='bbox 664 2231 739 2291; x_wconf 84' lang='lat' dir='ltr'>possit</span> <span class='ocrx_word' id='word_1_144' title='bbox 752 2229 844 2276; x_wconf 82' lang='lat' dir='ltr'>humor</span> 
     </span>
     <span class='ocr_line' id='line_1_22' title="bbox 270 2302 840 2371; baseline 0.002 -16"><span class='ocrx_word' id='word_1_145' title='bbox 270 2306 301 2355; x_wconf 76' lang='lat' dir='ltr'>At</span> <span class='ocrx_word' id='word_1_146' title='bbox 321 2308 391 2357; x_wconf 87' lang='lat' dir='ltr'>miser</span> <span class='ocrx_word' id='word_1_147' title='bbox 405 2305 510 2370; x_wconf 79' lang='lat' dir='ltr'>Elpenor</span> <span class='ocrx_word' id='word_1_148' title='bbox 521 2339 529 2363; x_wconf 95' lang='lat'>,</span> <span class='ocrx_word' id='word_1_149' title='bbox 542 2308 603 2371; x_wconf 66' lang='lat' dir='ltr'>tedio</span> <span class='ocrx_word' id='word_1_150' title='bbox 614 2302 723 2370; x_wconf 79' lang='lat' dir='ltr'>delapsus</span> <span class='ocrx_word' id='word_1_151' title='bbox 733 2308 762 2355; x_wconf 76' lang='lat' dir='ltr'>ab</span> <span class='ocrx_word' id='word_1_152' title='bbox 772 2305 840 2367; x_wconf 83' lang='lat' dir='ltr'>alto,</span> 
     </span>
     <span class='ocr_line' id='line_1_23' title="bbox 223 2381 735 2448; baseline -0.006 -13"><span class='ocrx_word' id='word_1_153' title='bbox 223 2391 254 2426; x_wconf 83' lang='lat'>²0</span> <span class='ocrx_word' id='word_1_154' title='bbox 303 2386 414 2434; x_wconf 88' lang='lat' dir='ltr'>Occurrit</span> <span class='ocrx_word' id='word_1_155' title='bbox 427 2385 487 2448; x_wconf 77' lang='lat' dir='ltr'>Regi</span> <span class='ocrx_word' id='word_1_156' title='bbox 495 2381 580 2432; x_wconf 88' lang='lat' dir='ltr'>debilis</span> <span class='ocrx_word' id='word_1_157' title='bbox 591 2385 675 2432; x_wconf 83' lang='lat' dir='ltr'>umbra</span> <span class='ocrx_word' id='word_1_158' title='bbox 683 2386 735 2433; x_wconf 90' lang='lat' dir='ltr'>suo.</span> 
     </span>
     <span class='ocr_line' id='line_1_24' title="bbox 270 2461 849 2527; baseline -0.002 -15"><span class='ocrx_word' id='word_1_159' title='bbox 270 2461 337 2526; x_wconf 89' lang='lat' dir='ltr'>Quid</span> <span class='ocrx_word' id='word_1_160' title='bbox 348 2463 395 2512; x_wconf 87' lang='lat' dir='ltr'>fuit</span> <span class='ocrx_word' id='word_1_161' title='bbox 406 2497 414 2522; x_wconf 93' lang='lat'>,</span> <span class='ocrx_word' id='word_1_162' title='bbox 433 2476 460 2512; x_wconf 90' lang='lat' dir='ltr'>ut</span> <span class='ocrx_word' id='word_1_163' title='bbox 470 2477 532 2511; x_wconf 82' lang='lat' dir='ltr'>tutas</span> <span class='ocrx_word' id='word_1_164' title='bbox 542 2465 643 2527; x_wconf 77' lang='lat' dir='ltr'>agitaret</span> <span class='ocrx_word' id='word_1_165' title='bbox 653 2461 766 2512; x_wconf 75' lang='lat' dir='ltr'>Daedalus</span> <span class='ocrx_word' id='word_1_166' title='bbox 776 2461 827 2511; x_wconf 73' lang='lat' dir='ltr'>‘alus</span> <span class='ocrx_word' id='word_1_167' title='bbox 840 2465 849 2511; x_wconf 75' lang='grc' dir='ltr'><strong><em>ἓ</em></strong></span> 
     </span>
     <span class='ocr_line' id='line_1_25' title="bbox 302 2542 815 2606; baseline -0.002 -16"><span class='ocrx_word' id='word_1_168' title='bbox 302 2542 381 2590; x_wconf 85' lang='lat' dir='ltr'>Icarus</span> <span class='ocrx_word' id='word_1_169' title='bbox 391 2542 517 2590; x_wconf 80' lang='lat' dir='ltr'>immensas</span> <span class='ocrx_word' id='word_1_170' title='bbox 528 2543 626 2589; x_wconf 91' lang='lat' dir='ltr'>nomine</span> <span class='ocrx_word' id='word_1_171' title='bbox 636 2544 713 2604; x_wconf 80' lang='lat' dir='ltr'>signet</span> <span class='ocrx_word' id='word_1_172' title='bbox 723 2557 795 2606; x_wconf 81' lang='lat' dir='ltr'>aquas</span> <span class='ocrx_word' id='word_1_173' title='bbox 806 2543 815 2589; x_wconf 83' lang='lat' dir='ltr'>i</span> 
     </span>
     <span class='ocr_line' id='line_1_26' title="bbox 269 2617 868 2686; baseline -0.005 -16"><span class='ocrx_word' id='word_1_174' title='bbox 269 2619 364 2685; x_wconf 83' lang='lat' dir='ltr'>Nempe</span> <span class='ocrx_word' id='word_1_175' title='bbox 374 2620 440 2686; x_wconf 91' lang='lat' dir='ltr'>quod</span> <span class='ocrx_word' id='word_1_176' title='bbox 447 2622 487 2668; x_wconf 91' lang='lat' dir='ltr'>hic</span> <span class='ocrx_word' id='word_1_177' title='bbox 498 2617 561 2680; x_wconf 69' lang='lat' dir='ltr'>alre,</span> <span class='ocrx_word' id='word_1_178' title='bbox 576 2617 700 2668; x_wconf 77' lang='lat' dir='ltr'>demissius</span> <span class='ocrx_word' id='word_1_179' title='bbox 710 2619 752 2667; x_wconf 91' lang='lat' dir='ltr'>ille</span> <span class='ocrx_word' id='word_1_180' title='bbox 763 2618 868 2667; x_wconf 78' lang='lat' dir='ltr'>volabat.</span> 
     </span>
     <span class='ocr_line' id='line_1_27' title="bbox 302 2697 836 2763; baseline -0.002 -16"><span class='ocrx_word' id='word_1_181' title='bbox 302 2697 368 2747; x_wconf 83' lang='lat' dir='ltr'>Nam</span> <span class='ocrx_word' id='word_1_182' title='bbox 384 2715 471 2763; x_wconf 77' lang='lat' dir='ltr'>pennus</span> <span class='ocrx_word' id='word_1_183' title='bbox 481 2699 553 2746; x_wconf 79' lang='lat' dir='ltr'>ambo</span> <span class='ocrx_word' id='word_1_184' title='bbox 563 2713 643 2746; x_wconf 89' lang='lat' dir='ltr'>nonne</span> <span class='ocrx_word' id='word_1_185' title='bbox 655 2699 757 2746; x_wconf 83' lang='lat' dir='ltr'>habuere</span> <span class='ocrx_word' id='word_1_186' title='bbox 767 2698 836 2746; x_wconf 75' lang='lat' dir='ltr'>suas?</span> 
     </span>
     <span class='ocr_line' id='line_1_28' title="bbox 225 2774 933 2842; baseline 0.003 -19"><span class='ocrx_word' id='word_1_187' title='bbox 225 2790 252 2841; x_wconf 82' lang='lat'>25</span> <span class='ocrx_word' id='word_1_188' title='bbox 271 2774 351 2826; x_wconf 90' lang='lat' dir='ltr'>Crede</span> <span class='ocrx_word' id='word_1_189' title='bbox 364 2779 424 2826; x_wconf 86' lang='lat' dir='ltr'>mihi</span> <span class='ocrx_word' id='word_1_190' title='bbox 433 2796 440 2826; x_wconf 80' lang='lat' dir='ltr'>r</span> <span class='ocrx_word' id='word_1_191' title='bbox 448 2778 508 2825; x_wconf 87' lang='lat' dir='ltr'>bene</span> <span class='ocrx_word' id='word_1_192' title='bbox 519 2778 560 2842; x_wconf 86' lang='lat' dir='ltr'>qui</span> <span class='ocrx_word' id='word_1_193' title='bbox 571 2775 642 2825; x_wconf 81' lang='lat' dir='ltr'>latuit</span> <span class='ocrx_word' id='word_1_194' title='bbox 654 2810 661 2835; x_wconf 93' lang='lat'>,</span> <span class='ocrx_word' id='word_1_195' title='bbox 674 2776 823 2834; x_wconf 75' lang='lat' dir='ltr'>beue&#39;vixit5</span> <span class='ocrx_word' id='word_1_196' title='bbox 835 2777 860 2825; x_wconf 66' lang='grc' dir='ltr'><strong>ἃ</strong></span> <span class='ocrx_word' id='word_1_197' title='bbox 870 2775 933 2825; x_wconf 73' lang='lat' dir='ltr'>iutra</span> 
     </span>
     <span class='ocr_line' id='line_1_29' title="bbox 304 2853 819 2920; baseline -0.002 -17"><span class='ocrx_word' id='word_1_198' title='bbox 304 2855 434 2903; x_wconf 82' lang='lat' dir='ltr'>Fortunam</span> <span class='ocrx_word' id='word_1_199' title='bbox 446 2853 517 2903; x_wconf 90' lang='lat' dir='ltr'>debet</span> <span class='ocrx_word' id='word_1_200' title='bbox 526 2857 625 2920; x_wconf 88' lang='lat' dir='ltr'>quisque</span> <span class='ocrx_word' id='word_1_201' title='bbox 635 2869 730 2902; x_wconf 79' lang='lat' dir='ltr'>manere</span> <span class='ocrx_word' id='word_1_202' title='bbox 743 2856 819 2902; x_wconf 80' lang='lat' dir='ltr'>suunt.</span> 
     </span>
     <span class='ocr_line' id='line_1_30' title="bbox 264 2930 797 2997; baseline -0.006 -15"><span class='ocrx_word' id='word_1_203' title='bbox 264 2930 330 2982; x_wconf 73' lang='lat' dir='ltr'>&#39;Non</span> <span class='ocrx_word' id='word_1_204' title='bbox 341 2932 404 2982; x_wconf 88' lang='lat' dir='ltr'>foret</span> <span class='ocrx_word' id='word_1_205' title='bbox 411 2930 529 2982; x_wconf 79' lang='lat' dir='ltr'>Eumedes</span> <span class='ocrx_word' id='word_1_206' title='bbox 538 2933 628 2990; x_wconf 84' lang='lat' dir='ltr'>orbus,</span> <span class='ocrx_word' id='word_1_207' title='bbox 642 2935 662 2981; x_wconf 89' lang='lat' dir='ltr'>si</span> <span class='ocrx_word' id='word_1_208' title='bbox 673 2930 736 2981; x_wconf 79' lang='lat' dir='ltr'>filius</span> <span class='ocrx_word' id='word_1_209' title='bbox 746 2935 797 2997; x_wconf 84' lang='lat' dir='ltr'>ejus</span> 
     </span>
     <span class='ocr_line' id='line_1_31' title="bbox 304 3007 817 3076; baseline 0 -18"><span class='ocrx_word' id='word_1_210' title='bbox 304 3011 395 3060; x_wconf 87' lang='lat' dir='ltr'>Stultus</span> <span class='ocrx_word' id='word_1_211' title='bbox 406 3011 526 3062; x_wconf 67' lang='lat' dir='ltr'>Achilldos</span> <span class='ocrx_word' id='word_1_212' title='bbox 536 3027 585 3060; x_wconf 90' lang='lat' dir='ltr'>non</span> <span class='ocrx_word' id='word_1_213' title='bbox 594 3007 725 3064; x_wconf 77' lang='lat' dir='ltr'>adamasset</span> <span class='ocrx_word' id='word_1_214' title='bbox 735 3026 817 3076; x_wconf 85' lang='lat' dir='ltr'>equor.</span> 
     </span>
     <span class='ocr_line' id='line_1_32' title="bbox 271 3083 925 3153; baseline 0.009 -17"><span class='ocrx_word' id='word_1_215' title='bbox 271 3083 325 3137; x_wconf 83' lang='lat' dir='ltr'>Nec</span> <span class='ocrx_word' id='word_1_216' title='bbox 339 3102 424 3139; x_wconf 84' lang='lat' dir='ltr'>murm</span> <span class='ocrx_word' id='word_1_217' title='bbox 439 3091 465 3139; x_wconf 89' lang='lat' dir='ltr'>iu</span> <span class='ocrx_word' id='word_1_218' title='bbox 476 3087 574 3140; x_wconf 73' lang='lat' dir='ltr'>flamme</span> <span class='ocrx_word' id='word_1_219' title='bbox 583 3085 694 3153; x_wconf 76' lang='lat' dir='ltr'>vidisset,</span> <span class='ocrx_word' id='word_1_220' title='bbox 706 3092 733 3140; x_wconf 90' lang='lat' dir='ltr'>in</span> <span class='ocrx_word' id='word_1_221' title='bbox 742 3089 826 3140; x_wconf 84' lang='lat' dir='ltr'>arbore</span> <span class='ocrx_word' id='word_1_222' title='bbox 837 3102 903 3142; x_wconf 71' lang='lat' dir='ltr'>nutas</span> <span class='ocrx_word' id='word_1_223' title='bbox 916 3121 925 3150; x_wconf 85' lang='lat'>,</span> 
     </span>
    </p>
   </div>
   <div class='ocr_carea' id='block_1_4' title="bbox 0 0 1178 3917">
    <p class='ocr_par' dir='ltr' id='par_1_4' title="bbox 0 0 1178 3917">
     <span class='ocr_line' id='line_1_33' title="bbox 0 0 1178 3917; baseline 0 0"><span class='ocrx_word' id='word_1_224' title='bbox 0 0 1178 3917; x_wconf 95' lang='lat' dir='ltr'> </span> 
     </span>
    </p>
   </div>
  </div>
 </body>
</html>
