2334 3917
269 420 566 488 F‘Asronntr
597 412 697 481 Lrn.
727 412 760 480 1.
833 434 875 499 33

186 537 357 603 Contigerant
365 534 426 586 nulli
437 536 537 585 numina
549 546 615 583 tanta
623 535 695 591 viro„

155 616 239 668 Africa
253 619 371 667 sisterem
389 612 419 663 de
435 615 459 663 se
474 626 563 663 vocat:
577 611 637 663 alter
647 613 753 673 Isauras,

187 698 238 746 Aut
248 693 350 746 Cretum
359 691 463 743 domitas
474 689 612 741 testificatur
621 707 687 755 opes.

155 772 227 823 Hunc
239 771 354 823 Numida
368 771 475 830 faciunt,
486 770 559 819 illum
570 765 679 819 Messana
687 768 812 837 superbum
825 785 833 827 ;
876 766 925 816 5⁹5

187 851 233 899 llie
244 849 396 900 Numantind
407 852 478 898 traxit
488 848 518 897 ab
529 849 587 897 urbe
601 862 695 897 uotam.

156 927 187 977 Et
201 942 309 979 mortem
320 933 345 978 δι
356 944 446 977 nomen
456 926 536 976 Druso
546 926 676 977 Germania
686 925 754 976 fecit.

188 1006 232 1055 Me
243 1008 357 1055 miserum
368 1006 375 1055 !
393 1008 468 1054 virtus
481 1003 556 1071 qudrn
567 1006 645 1054 brevis
658 1004 702 1055 illa
712 1004 774 1055 fuit!

155 1076 179 1133 Si
191 1098 259 1147 petat
270 1100 284 1133 a
296 1086 378 1143 vinis,
394 1098 431 1133 tot
442 1084 627 1133 sumatnomina
637 1082 734 1146 Caesar,

187 1160 257 1223 Quot
269 1178 372 1212 numero
386 1176 467 1227 gentes
480 1165 598 1210 maximus
608 1162 672 1211 orbis
683 1163 763 1213 habet.

154 1240 189 1291 Ex
200 1256 251 1289 uno
263 1238 363 1306 quidam
377 1240 480 1289 celebres
492 1276 500 1299 ‚
518 1254 559 1289 aut
569 1243 664 1306 torquis
672 1237 793 1301 ademtae,

186 1321 237 1370 Aut
249 1319 326 1370 Corvi
344 1319 428 1368 titulos
445 1318 564 1367 auxiliaris
578 1320 679 1368 habene

154 1398 263 1465 Magne,
281 1413 349 1449 tuum
364 1414 453 1448 nomen
467 1414 545 1447 terum
559 1398 668 1447 mensura
680 1411 775 1446 tuarum
791 1395 839 1455 est3

186 1476 235 1528 Sed
251 1480 295 1543 qui
308 1491 332 1526 te
347 1479 424 1536 vicit,
443 1478 542 1525 nomine
557 1481 635 1542 major
649 1490 709 1525 erat.

155 1554 207 1606 Nec
217 1554 305 1621 gradus
316 1556 349 1605 est
359 1556 421 1605 ultra
433 1556 518 1604 fabios
529 1558 681 1619 cognominis
690 1553 766 1604 ullus.

186 1633 231 1682 Illa
243 1632 330 1683 domus
343 1636 433 1683 metitis
444 1634 552 1683 Maxima
562 1631 625 1683 diua
635 1635 690 1683 suis.

155 1710 201 1761 Sed
219 1726 303 1761 tamen
315 1714 424 1761 humanis
437 1710 588 1761 celebrantur
597 1711 729 1760 bonoribus
738 1724 839 1769 omnes,
876 1742 880 1747 ·

190 1788 237 1836 liic
248 1788 342 1836 socium
353 1788 450 1835 summo
456 1802 511 1835 cum
521 1786 579 1837 Jove
589 1802 678 1835 nomen
688 1786 769 1835 haber.

155 1862 239 1912 Sanus
250 1876 342 1911 vocant
356 1860 459 1926 Augusta
468 1876 546 1926 patres
557 1879 564 1909 e
577 1860 680 1925 Augusta
691 1876 809 1912 vocantur

186 1939 307 2004 Templa,
319 1937 470 1989 sacerdotum
481 1936 526 1989 riti
536 1936 616 1988 dicata
626 1953 708 1988 mauu

154 2018 232 2082 Hujus
244 2020 268 2065 &
280 2019 406 2081 augurium
421 2013 540 2081 dependet
551 2019 645 2082 origine
654 2017 741 2078 verbi,

185 2094 218 2144 Et
234 2093 406 2161 quodcumque
417 2096 459 2145 suu
469 2097 576 2162 Juppiter
586 2111 657 2162 auget
666 2115 722 2162 ope.

153 2170 248 2237 Augeat
259 2176 387 2237 imperium
398 2173 471 2223 nostri
482 2174 574 2233 Ducis,
592 2189 677 2239 augeat
687 2188 761 2225 anuos
770 2193 779 2236 3

185 2251 301 2316 Protegat
312 2254 338 2299 bc
350 2252 440 2300 vestras
448 2268 536 2317 querna
547 2268 637 2302 cotona
647 2252 719 2302 fores.

155 2328 343 2396 Auspicibusque
354 2329 426 2389 Deis,
440 2334 501 2380 tanti
511 2333 663 2396 cognominis
674 2334 741 2381 heres

186 2408 276 2457 Omine
292 2410 419 2474 suscipiat,
432 2424 483 2474 quo
493 2422 576 2473 pater,
593 2410 657 2458 orbis
668 2424 738 2458 onus.

155 2484 370 2539 RESPICIET
385 2487 459 2537 Titan
466 2490 527 2537 asias
539 2487 578 2535 ubi
590 2490 671 2537 tertius
682 2485 758 2548 Idus·,

184 2566 256 2614 Fient
267 2566 394 2614 Parrhasia
405 2567 471 2615 sacra
478 2565 552 2615 relata
563 2566 630 2615 Deae.

156 2642 222 2695 Nam
230 2643 299 2709 priris
307 2644 423 2693 Ausonias
432 2658 519 2692 matres
529 2659 641 2709 carpenta
647 2643 781 2702 vehebant3

185 2722 243 2771 Haec
254 2738 352 2788 quoque
369 2722 399 2769 ab
414 2720 519 2771 Evandri
528 2719 590 2771 dista
604 2736 699 2787 parente
708 2738 770 2769 reor.

156 2797 212 2851 Moe
222 2804 304 2851 honor
318 2803 431 2866 eripitur,
443 2815 601 2867 matronaque
611 2800 712 2850 destinat
722 2803 802 2851 omnis

184 2879 294 2944 ingratos
306 2878 375 2929 uuiid
388 2878 456 2943 prose
466 2894 554 2929 novare
564 2883 638 2931 viros.

156 2952 218 3004 Neve
232 2954 301 3007 daret
315 2970 416 3023 partus,
434 2959 482 3006 issu
494 2961 618 3007 temeraria
632 2974 698 3009 carco

184 3032 321 3083 Visceribus
336 3036 441 3084 crescens
452 3036 588 3085 excutiebat
596 3052 666 3087 onus.

157 3106 302 3179 Corripuisse
312 3112 392 3163 Patres
401 3115 467 3165 ausas
477 3114 583 3165 immitia
592 3130 699 3181 nuptas,

707 3199 765 3251 ue

168 3322 171 3329 .
186 3266 193 3307 i
