2334 3917
288 396 331 441 22
405 369 449 437 P.
483 370 640 437 OVIDJI
669 368 862 434 NAsours

318 492 409 543 Census
420 493 549 541 amicitiast
560 506 648 555 pauper
660 489 828 555 ubiqueiacet.

285 571 323 618 Tu
336 583 414 618 tamen
425 570 555 633 auspicium
567 572 585 616 si
594 572 624 616 tit
634 567 766 631 stipisutile
776 568 876 631 quetis,
944 611 950 619 ,

235 666 283 698 220
316 647 413 713 Curque
423 651 506 708 juvent
517 646 606 695 nostras
616 661 663 693 tta
672 644 762 694 vetusta
772 659 866 693 manus.

283 724 340 773 AEra
349 722 519 781 dabantolim3
532 723 617 771 meiius
631 738 695 771 nunc
707 738 780 771 omen
789 726 815 769 in
825 738 883 769 auro
895 720 941 778 est3

316 803 337 850 V
339 805 430 867 ifiaque
445 799 555 850 concedit
566 802 641 865 prisca
651 814 749 848 moneta
758 814 837 847 neve.

282 879 334 929 Noe
345 896 426 945 quoq3
438 879 526 943 templa
531 883 625 943 juvant,
633 880 742 943 quamvis
751 880 849 941 antiqua
856 878 993 941 probemur,

283 990 284 993 =
314 960 390 1007 Aurea
402 976 407 1005 :
420 958 527 1023 majestas
538 959 652 1005 convenit
662 955 704 1003 ista
714 954 777 1003 Deo.

234 1033 415 1090 225Laudamus
430 1048 536 1087 veteres,
548 1031 590 1081 sed
599 1033 683 1081 nostris
698 1035 788 1081 utimur
797 1034 874 1082 annis.

180 1164 181 1167 Ἴ
312 1112 368 1159 Mos
378 1126 457 1159 tamen
468 1111 500 1159 est
509 1110 575 1175 aeque
585 1108 671 1175 dignus
681 1125 779 1175 uterque
790 1110 849 1158 coli.

202 1238 204 1242 ,
280 1190 383 1240 Finierat
398 1190 503 1237 monitus
512 1186 623 1253 :placidis
631 1192 666 1237 ita
675 1190 752 1237 rursus
762 1220 771 1245 ,
782 1203 810 1235 ut
819 1201 891 1245 anre,

312 1267 466 1331 Clavigerum
476 1267 553 1315 verbis
564 1265 677 1331 alloquor
687 1268 737 1330 ipse
747 1266 837 1313 Deum.
927 1283 932 1290 *

280 1342 361 1395 Multa
372 1342 470 1409 quidem
482 1342 555 1393 didici
565 1362 570 1391 ε
583 1342 675 1393 sedeur
684 1344 775 1392 navalis
785 1345 811 1391 in
821 1358 866 1391 aere

232 1433 279 1485 aro
312 1422 392 1471 Altera
408 1425 499 1486 signata
510 1422 558 1480 est,
569 1422 643 1471 altera
653 1422 733 1470 forma
744 1422 842 1484 biceps?

279 1499 384 1549 Noscere
396 1516 434 1547 me
444 1498 535 1565 duplici
545 1497 656 1563 poffesin
665 1501 782 1563 imagine,
794 1496 855 1546 dixit
866 1513 875 1555 3

311 1578 344 1627 Ni
353 1592 420 1628 vetius
430 1579 479 1641 ipsa
490 1575 539 1625 dies
551 1591 688 1626 extenuaret
698 1592 767 1642 opus.

278 1655 357 1706 Causa
367 1659 422 1703 raris
430 1655 530 1719 superest
541 1674 546 1703 :
556 1656 679 1704 Thuscum
691 1668 740 1702 tate
749 1655 850 1704 venitin
858 1668 953 1703 aurnum
962 1689 971 1715 ,

310 1736 371 1783 Ante
382 1748 521 1798 pererrato,
539 1732 647 1786 falcifer,
658 1732 731 1792 orbe,
746 1731 821 1780 Deus.
849 1721 850 1724 Ἴ

230 1812 328 1871 235an
340 1828 384 1877 ego
400 1814 527 1861 Saturnum
538 1813 638 1859 memini
652 1809 737 1859 tellure
751 1825 889 1874 receptum3

310 1887 440 1937 Coelitibus
451 1893 527 1953 regnis
538 1891 567 1937 ab
577 1891 635 1939 Jove
643 1890 723 1952 ‘pulsus
734 1904 792 1937 erat.

277 1964 335 2015 Inde
347 1965 386 2015 diu
397 1970 462 2030 genti
473 1970 560 2014 mansit
570 1969 679 2015 Saturnia
688 1982 794 2025 nomen3
861 2011 864 2015 Δ

307 2044 377 2093 Diua
389 2060 485 2109 quoque
495 2044 527 2091 est
535 2044 631 2102 Latium
639 2058 714 2102 tetra,
727 2044 815 2092 latente
825 2042 888 2092 Deo.

275 2118 307 2168 At
316 2120 381 2171 bona
391 2120 511 2185 posteritas
523 2122 622 2185 puppim
631 2121 734 2169 servavit
742 2123 768 2167 in
777 2126 843 2178 aere,

228 2216 274 2271 340
309 2198 414 2262 Hospitis
429 2195 557 2246 aduentum
569 2195 692 2246 testificata
704 2197 759 2245 Dei.

274 2276 324 2340 Ipse
345 2277 422 2324 solum
434 2276 514 2333 colui,
527 2278 594 2337 cuius
604 2272 765 2338 placidissima
774 2274 862 2324 laevum

308 2351 379 2401 Radit
389 2354 480 2401 arenosi
492 2349 598 2400 Tibridis
610 2350 674 2399 unda
687 2351 758 2398 larue.

274 2429 321 2479 Hic
331 2466 339 2489 ‚
352 2432 391 2477 ubi
403 2420 465 2478 nunc
476 2431 553 2477 Roma
564 2428 612 2488 est,
624 2426 730 2477 incaedua
740 2428 914 2489 siivavieebat3

307 2509 432 2573 Tantaque
443 2522 477 2556 res
484 2510 563 2572 paucis
574 2508 659 2570 pascua
670 2507 745 2555 bubus
753 2521 813 2557 etat.

227 2606 268 2651 :45
276 2586 320 2635 Arx
331 2602 384 2633 mea
395 2585 463 2634 collis
474 2600 537 2644 erat,
549 2602 622 2651 quem
632 2584 720 2635 cultrix
729 2591 827 2636 nomine
837 2589 918 2662 nostrq

305 2664 434 2728 Nuncupat
449 2666 498 2713 haec
507 2678 579 2721 etas,
593 2662 775 2729 Ianiculumque
786 2681 867 2723 uocat.

254 2736 258 2739 ’
273 2742 341 2790 Tunc
353 2758 397 2804 ego
408 2742 547 2805 regnabam
565 2742 656 2805 pariens
665 2740 721 2789 ciun
732 2757 793 2789 tetra
799 2729 908 2791 Deorum

304 2814 369 2865 Effer
382 2852 388 2876 ,
407 2820 431 2865 &
442 2820 552 2866 humanis
562 2820 661 2867 numina
672 2820 747 2867 mixta
758 2818 826 2868 locis.

272 2892 388 2944 Nondum
400 2895 517 2944 iustitiam
527 2896 618 2945 facinus
627 2897 730 2945 mortale
740 2897 844 2961 fugitat.
912 2938 916 2945 .

225 2986 271 3031 250
306 2970 413 3037 (Ultimi
426 2970 455 3020 de
465 2976 557 3037 Superis
568 2974 611 3021 illa
621 2974 719 3038 reliquit
728 2977 860 3044 humum.)

272 3051 364 3115 Proque
375 3064 439 3098 metu
450 3050 567 3115 populum
582 3054 632 3100 sine
641 3053 664 3100 ui
672 3050 751 3115 pudor
760 3056 811 3118 ipse
821 3057 925 3119 regebat.
