2334 3917
302 366 369 432 228
429 361 472 429 P.
492 360 649 428 011er
668 362 863 467 imonis

329 484 360 532 Ee
369 484 429 531 mihi
439 494 564 547 perpetuus
573 495 675 547 corpora
685 472 787 548 languor
795 484 877 532 haber.

248 573 275 618 ις
295 563 340 610 Seu
354 562 440 609 vitiant
450 574 514 610 artus
525 575 593 625 aegrae
604 563 716 626 contagia
724 562 828 619 mentis3

327 640 380 688 Sive
390 641 439 687 mei
450 638 519 687 rausa
528 638 561 686 est
572 639 598 687 in
606 642 702 703 regione
712 638 785 687 malis

248 731 250 735 ’
293 715 328 765 Ut
339 718 407 781 tetigi
417 716 538 774 Pontum,
550 730 637 765 vexant
647 718 783 773 insomniar
795 717 883 783 vixque

324 792 382 844 offa
393 796 453 859 regit
461 795 548 842 macies
558 826 566 852 ,
578 809 621 841 nec
632 797 698 859 juvar
708 810 750 842 ora
760 794 835 842 cibus.

292 871 389 938 Quique
399 888 440 937 per
449 886 591 920 autumnum
605 874 718 935 percussis
726 871 816 936 frigore
827 875 906 936 primo

246 966 276 1013 30
325 949 364 998 Est
378 949 446 998 color
456 951 480 997 in
490 948 574 1007 foliis,
587 963 640 1013 quae
650 964 713 998 nova
724 948 784 998 lesit
794 951 871 998 hiems
883 967 891 1006 ς

292 1027 315 1076 Is
325 1043 378 1075 mea
387 1027 495 1074 membra
504 1041 577 1075 tener.
589 1026 639 1074 Nec
649 1027 738 1075 viribus
750 1026 841 1077 allevor
851 1027 918 1087 uilis,
962 1045 965 1050 ·

317 1103 355 1154 ‘Et
364 1120 497 1170 numquam
505 1103 598 1170 queruli
609 1106 677 1153 causa
688 1103 780 1154 doloris
788 1107 861 1155 abest.

290 1181 343 1232 Nec
353 1183 438 1232 meiius
448 1183 534 1242 valeo,
546 1183 621 1249 quim
629 1197 738 1248 corpore,
746 1199 836 1242 mente3
847 1183 888 1233 sed
899 1187 1000 1250 agrarii

321 1260 429 1326 Utraque
436 1278 489 1325 pars
499 1259 578 1326 eque,
592 1263 698 1325 binaque
705 1259 793 1310 damna
803 1262 865 1311 fero.

243 1353 269 1403 35
289 1337 385 1398 fleret,
398 1343 423 1388 &
437 1353 491 1388 ante
499 1339 599 1398 oculos,
610 1338 685 1387 veluti
697 1339 821 1404 speciabiie
833 1355 936 1404 corpus,

320 1415 385 1464 Mirr
397 1416 508 1466 Fortuna
519 1415 598 1466 forma
609 1414 709 1480 legenda
718 1433 787 1467 mea.

286 1490 379 1558 Crimq3
390 1492 590 1560 locum,moresq;
597 1496 736 1554 huminum,
743 1494 847 1562 cultusq,
856 1497 999 1564 sonumque,

318 1568 447 1620 Cernimus
459 1590 467 1630 i
478 1576 504 1621 &
517 1569 576 1641 quid
589 1575 652 1633 sim,
663 1571 722 1638 quid
732 1573 865 1640 fuerimque
875 1610 883 1633 ‚
894 1577 957 1626 subit
964 1595 974 1636 3

285 1647 377 1697 Tantus
389 1667 457 1700 arnor
470 1653 533 1700 neeis
544 1651 592 1711 est,
607 1667 691 1716 querar
701 1666 728 1701 ur
738 1668 794 1701 cum
805 1649 905 1703 Cesaris
915 1654 966 1704 irir

236 1745 269 1788 ⁴0
319 1726 392 1786 Quod
398 1744 448 1777 non
458 1726 560 1778 offensas
569 1727 677 1778 vindicet
685 1731 737 1778 ense
749 1732 810 1780 suas.

285 1804 319 1854 At
328 1808 442 1869 quoniam
453 1806 524 1857 semel
534 1807 567 1856 est
574 1804 633 1855 odio
644 1806 747 1856 civiliter
756 1809 825 1863 usur,

318 1883 433 1940 Mutato,
443 1885 519 1936 levior
526 1887 557 1935 rie
567 1883 624 1950 fuga
632 1884 720 1940 nostra,
732 1883 797 1936 loco.

236 2027 961 2104 weaeaeaefflmn

449 2180 711 2244 ELEGIA
750 2180 824 2242 ix.

284 2277 384 2395 Hic
391 2341 768 2411 quoq;suntigierraje‚(quis
776 2339 998 2408 crederetijurber,

313 2424 377 2472 luter
389 2425 525 2473 inhumana
535 2425 636 2472 nomina
645 2423 766 2470 barbariae.

234 2514 238 2525 “
280 2501 335 2552 Huc
345 2517 441 2569 quoque
451 2501 539 2550 Mileto
550 2503 616 2548 missi
626 2515 711 2548 uenere
722 2499 803 2548 coloni
815 2532 824 2558 ‚

312 2579 388 2645 Inque
402 2580 469 2629 ceris
479 2579 562 2643 Grajar
572 2577 713 2627 constituite
724 2575 819 2626 domos.

250 2682 261 2727 5
282 2655 328 2707 Sed
339 2673 407 2708 vetus
416 2657 472 2707 huic
486 2673 593 2717 nomen,
605 2656 730 2721 positique
740 2656 859 2719 antiquius
865 2655 945 2711 urbe,

311 2735 413 2786 Constat
427 2738 457 2786 ab
470 2736 566 2797 Absyrti
575 2733 640 2784 cede
655 2729 743 2793 fuiffe,
759 2731 825 2781 loco.

279 2813 344 2865 Nam
354 2830 426 2878 rare„
444 2829 497 2880 qua
509 2812 566 2862 curi
576 2815 689 2878 pugnacis
704 2811 764 2860 fana
774 2809 890 2860 Minervae
901 2843 911 2870 ,

310 2894 355 2943 Per
365 2907 416 2942 non
426 2906 527 2945 tentam
538 2894 616 2956 prima
627 2893 730 2940 cucurrit
740 2904 827 2955 aquam

278 2972 355 3035 Impia
370 2969 489 3020 desertum
503 2969 597 3035 fugiens
607 2966 694 3018 Media
703 2981 841 3033 parenrem.
861 3015 862 3020 ,

232 3063 261 3096 ιο
309 3049 406 3100 Dicitur
413 3052 450 3099 his
460 3064 541 3122 remos
552 3043 690 3114 applicuiiie
699 3043 775 3096 uadis.
