2334 3917
281 352 588 423 Horonon
611 347 803 419 ΜΒΝ.
849 310 900 437 ᾧ,
979 425 981 429 ,

219 474 336 540 Augustus
355 490 418 523 nunc
427 473 460 522 est
471 492 477 521 ι
487 484 542 525 tute
553 471 666 521 Metellus
678 484 736 521 erat.

187 554 295 604 Substitit
307 555 350 609 hie
360 552 450 603 Erato:
464 568 533 601 mora
543 549 587 609 fit,
601 552 621 599 si
634 564 712 600 cetera
722 566 837 615 queram.

221 632 288 691 Dic,
309 634 409 697 inquam
422 664 430 689 ,
442 628 514 694 parvi
527 644 569 677 cur
578 628 636 693 stipe
647 643 737 694 querat
747 636 821 694 opes?
908 629 954 695 ςςό

188 708 303 761 Contulit
315 724 345 757 aes
361 707 465 772 populus
477 724 485 765 ς
503 705 533 756 <le
544 722 593 773 quo
605 704 705 755 delubra
715 707 829 756 Metellus

221 778 305 840 Fecit,
326 788 360 834 ait
371 803 378 832 t
390 781 475 833 dende
485 799 538 833 mos
547 784 611 848 stipis
620 782 677 832 inde
687 799 777 833 manet.

190 864 241 917 Cur
256 864 349 914 vicibus
364 862 431 911 fastis
442 864 524 916 ineant
534 865 665 920 convivia,
680 876 778 927 quero,

222 944 287 991 Tum
302 944 396 1006 magis,
412 938 511 991 indictas
528 940 744 1005 concelebrentque
758 937 841 1003 dapes.

189 1016 263 1081 Quod
275 1020 334 1079 bene
346 1018 447 1068 mutarit
459 1015 539 1065 sedem
553 1016 729 1079 Berecynthia,
741 1014 821 1075 ditit3
911 1025 953 1071 355

224 1096 344 1162 Captant,
357 1098 455 1145 mutatis
466 1092 575 1153 sedibus,
589 1110 663 1143 omen
674 1093 749 1143 idem.

189 1167 342 1233 Institeram,
360 1189 432 1239 quare
448 1175 520 1237 primi
539 1172 670 1237 Megalesia
684 1171 737 1223 ludi

223 1252 290 1301 Urbe
302 1251 382 1301 forent
392 1248 471 1299 nostrl
484 1266 491 1308 3
504 1248 559 1299 ctim
571 1250 623 1299 Dea
635 1249 646 1317 (
658 1252 729 1301 sensit
740 1251 842 1319 enim)

189 1330 239 1381 1112
254 1330 319 1379 D'eos
331 1364 339 1389 ,
352 1330 446 1393 inquit,
457 1330 566 1392 peperit:
578 1325 664 1377 cellere
678 1332 769 1393 parenti
781 1346 790 1388 3

224 1409 419 1473 Principiumque
435 1402 485 1457 dati
500 1405 579 1455 Mater
596 1408 695 1457 honoris
709 1409 790 1457 habet.
912 1411 960 1472 ςέο

190 1486 245 1539 Cur
254 1488 327 1549 igitur
337 1483 439 1543 Gallos,
455 1484 497 1549 qui
510 1484 533 1533 se
545 1481 652 1534 excidere
662 1518 672 1539 .
682 1488 811 1537 vocamus?

226 1562 292 1613 Cum
309 1560 378 1611 tantb
392 1562 496 1627 Phrygii
510 1561 605 1613 Gallica
618 1560 688 1613 distet
699 1566 795 1614 humus.

191 1642 257 1691 lnter
269 1675 277 1701 ,
296 1642 347 1700 ait,
358 1638 464 1690 viridem
473 1639 583 1703 Cybelen
594 1640 701 1707 altasque
714 1640 823 1691 Celaenas
835 1672 844 1701 ,
876 1633 893 1650 “

225 1719 311 1767 Amnis
322 1722 342 1768 it
359 1717 459 1778 insana,
472 1720 571 1767 nurnine
583 1718 684 1778 Gallus,
697 1719 768 1785 aquai.
806 1760 808 1764 ,

192 1796 244 1857 Qui
254 1796 316 1845 bibit
332 1794 405 1856 inde,
417 1794 476 1845 furit
487 1814 494 1847 e
506 1795 592 1861 procul
601 1798 658 1845 hine
669 1794 797 1852 discedite,
805 1795 860 1863 qule
869 1798 902 1848 eil
916 1801 956 1857 365

229 1873 296 1941 Cura
312 1875 381 1925 bonae
396 1876 483 1923 mentis
494 1892 501 1923 t
513 1876 557 1940 qui
571 1874 633 1922 bibit
643 1870 718 1935 inde,
731 1874 800 1923 furit.

192 1952 254 2002 Non
273 1949 347 2017 pudet
363 1954 511 2012 herbosum,
527 1951 598 2013 dixi,
613 1948 715 2017 posuiffe
726 1970 848 2005 moretum

228 2030 256 2077 ln
277 2028 389 2079 Domine
402 2034 503 2079 mensis?
515 2046 546 2081 an
558 2032 598 2079 sua
608 2031 678 2079 causa
687 2031 779 2080 subest?

192 2106 265 2154 Labie
283 2120 350 2153 mero
366 2119 457 2157 veteres
468 2108 503 2155 usi
513 2120 695 2166 memorantur,
711 2111 736 2155 bt
747 2109 825 2158 herbis
832 2142 842 2167 ,

229 2182 319 2246 Sponte
336 2180 377 2230 sut
388 2186 473 2250 siquas
491 2184 671 2243 anteferebat,
688 2187 732 2234 aie.
915 2198 962 2246 57⁰

193 2257 322 2309 Candidus
333 2262 395 2311 elisae
409 2264 521 2313 miscetur
532 2261 612 2312 caseus
623 2265 703 2312 herbe
715 2295 724 2322 ‚

230 2334 369 2400 Cognoscat
384 2341 472 2403 priscos
484 2354 510 2389 ut
526 2340 577 2389 Dea
588 2342 665 2404 prisca
674 2342 750 2389 cibor.

194 2412 343 2467 POSTERA
352 2415 408 2465 crim
419 2417 483 2467 coelo
494 2422 566 2467 motis
577 2418 784 2467 Pallantias‘estris

230 2491 332 2541 fulserit
342 2526 351 2552 ,
370 2496 394 2542 bt
405 2497 488 2545 niveos
498 2496 565 2545 Luna
574 2494 660 2545 levirit
669 2511 744 2561 equos
753 2513 763 2553 ς

194 2568 247 2629 Qui
259 2566 337 2629 dicet,
351 2570 481 2631 Quondam
491 2575 581 2624 sacrata
590 2574 624 2623 est
632 2572 696 2625 colle
705 2573 800 2633 Quirini

230 2646 283 2695 Hac
296 2648 399 2697 Fortuna
409 2648 447 2699 die
461 2652 575 2711 Publica,
587 2667 656 2703 verus
667 2653 721 2700 erit.

193 2723 320 2773 TERTIA
334 2724 389 2782 lux,
400 2728 500 2777 memini
514 2762 522 2787 ‚
534 2727 608 2778 Ludis
621 2743 688 2778 erat:
707 2729 804 2779 etmihi
814 2730 913 2797 quidam

232 2801 353 2865 Spestanti
363 2804 456 2864 senior,
470 2806 643 2871 contiguusque
653 2807 726 2864 loto;

123 2882 126 2887 '
193 2876 259 2927 Haec
277 2880 328 2939 ait,
340 2880 383 2929 illa
398 2879 465 2943 dies,
477 2883 572 2945 Libycis
583 2884 631 2949 qui
642 2883 721 2935 Cesar
733 2886 761 2934 in
773 2888 822 2936 orit

230 2952 327 3005 Perfida
343 2962 490 3023 magnanimi
501 2958 613 3010 contudit
621 2978 687 3011 arim
696 2962 773 3012 Jubae.
918 2973 965 3035 380

192 3031 257 3081 Du¹
275 3035 336 3083 mihi
345 3034 425 3089 cesar
436 3053 503 3102 etat,
518 3039 561 3088 sub
572 3055 621 3105 quo
631 3038 742 3091 meruiffe
752 3042 873 3096 Tribunus
928 3033 931 3038 ’
946 3080 950 3088 -

748 3122 805 3189 Eij
