2334 3917
265 397 555 464 Fastorum
578 396 663 463 Lm.
689 392 757 463 IV.
816 416 879 479 113

194 517 228 567 Et
239 533 318 567 novus
326 518 424 565 accenso
434 514 533 565 finditur
544 518 600 580 igne
609 516 689 569 sotus..

160 594 221 647 lnde
233 612 344 661 premens
354 597 438 645 stivam
449 594 558 660 designat
569 600 659 645 moenia
668 597 747 645 sulcos
882 587 928 645 8²5

197 676 260 724 Alba
273 678 357 739 jugum
374 677 445 723 niveo
456 689 511 721 cum
522 674 584 723 bove
594 690 665 723 vacca
676 674 741 723 tulit.

162 754 219 802 Vox
231 752 280 800 fuit
294 754 343 803 haec
354 753 415 815 regis
428 768 436 808 3
448 747 573 800 Condenti
585 750 693 813 luppiter
703 749 806 805 urbem,
871 781 875 787 -

197 830 229 879 Et
247 832 342 894 genitor
353 828 470 885 Mavors,
482 826 599 891 Vestaque
609 840 686 875 mater
696 860 704 885 ,
716 822 771 873 ades
780 841 789 881 3

164 906 282 971 Quosque
300 908 367 971 pium
386 903 418 953 est
428 902 539 953 adhibere
550 904 633 964 Deos,
644 902 761 955 advertite
769 902 863 950 canui:

199 984 342 1048 Auspicibus
359 983 428 1030 vobis
439 1014 447 1040 ,
462 984 510 1030 hoc
521 984 581 1031 mihi
590 984 671 1046 surgat
681 996 751 1047 opus.

163 1060 251 1125 Longa
269 1063 300 1109 sit
312 1062 366 1108 huic
377 1074 448 1119 atas,
458 1055 610 1125 dominaque
620 1062 728 1124 potentia
738 1072 805 1107 terrae
814 1075 823 1116 3

198 1140 281 1203 Sitque
292 1138 334 1186 sub
345 1138 389 1185 hac
398 1139 477 1185 oriens
486 1135 649 1201 occiduusque
657 1135 716 1185 dies.

164 1214 210 1263 lile
228 1215 368 1278 precabatur
380 1232 386 1262 ι
399 1216 491 1263 tonitru
503 1212 569 1263 dedit
580 1217 663 1263 omina
673 1214 734 1263 lavo

196 1292 307 1355 iuppiter
319 1308 325 1338 s
339 1294 363 1338 δι
378 1289 439 1339 laevo
454 1290 556 1339 fulmina
566 1288 635 1339 missa
645 1291 713 1355 polo.

164 1368 274 1431 Auguria
286 1367 335 1415 laeti
345 1370 436 1432 jaciunt
446 1367 587 1418 fundamina
602 1372 678 1425 cives.
882 1354 926 1416 ⁸35

198 1444 231 1493 Er
244 1461 319 1494 novus
333 1448 417 1509 exiguo
429 1459 536 1509 tempore
551 1462 632 1495 murus
642 1460 700 1495 erat.

163 1521 219 1571 Hoc
228 1520 302 1571 Celer
310 1537 380 1585 urget
388 1538 448 1586 opus
459 1530 471 1581 ,¹
479 1539 552 1586 quem
560 1524 678 1571 Romulus
685 1524 734 1587 ipse
743 1524 842 1573 vocitat
854 1542 861 1583 3

197 1601 315 1663 Sintque,
333 1597 422 1659 Celer,
433 1616 494 1648 cute
506 1634 514 1657 ,
525 1599 631 1659 dixerat,
648 1600 690 1649 illa
703 1615 764 1650 tut:

165 1676 233 1725 Neve
244 1680 297 1742 quis
309 1691 349 1726 aut
359 1693 439 1725 muros
451 1711 458 1735 ‚
472 1692 512 1725 aut
522 1681 613 1727 versam
625 1694 721 1727 vomere
735 1692 823 1727 terram

198 1754 315 1803 Transeat
325 1772 331 1802 ι
342 1752 468 1803 audentem
479 1755 536 1803 talia
546 1752 607 1805 dede
617 1758 680 1804 neci.

166 1828 240 1889 Quod
257 1832 344 1879 Remus
356 1834 482 1896 ignorans,
494 1833 597 1882 humiles
605 1848 758 1883 contemnere
768 1848 849 1882 muros

198 1906 284 1972 Coepit
297 1926 303 1957 r
320 1912 364 1969 ee,
382 1910 424 1958 His
436 1911 538 1975 populus
549 1946 556 1971 ,
575 1909 669 1971 dicere,
684 1926 748 1961 tutus
757 1912 814 1966 erit!

165 1984 217 2034 Nec
232 2003 316 2035 mora:
326 1986 451 2038 transiluit.
469 1990 545 2039 Rutro
557 1988 629 2039 Celer
640 2004 742 2055 occupat
752 1990 834 2038 ausum
844 2006 853 2048 5

197 2061 242 2111 llle
252 2068 339 2129 premit
350 2062 433 2114 duram
446 2068 641 2131 sanguinolentus
650 2070 761 2127 humum.

165 2138 223 2189 Haec
238 2142 279 2191 ubi
297 2159 337 2191 rex
350 2142 450 2198 didicit,
463 2144 579 2207 lacrymas
590 2148 705 2195 introrsus
716 2148 814 2195 obortas

196 2218 320 2279 Devorer,
334 2225 358 2269 &
375 2220 482 2271 clausum
497 2226 591 2287 peslore
604 2224 780 2275 vulnushabet.

165 2294 231 2345 flere
245 2296 325 2363 palam
340 2314 390 2347 uon
404 2298 474 2359 vult,
485 2301 640 2367 exemplaque
650 2302 724 2350 sortia
734 2303 810 2350 servat
821 2318 829 2359 3

196 2378 282 2440 Sitque
300 2391 367 2424 meos
378 2392 459 2427 mutos
471 2380 572 2427 transeat
582 2380 670 2436 hostis,
684 2381 726 2427 ait.

164 2452 214 2503 Dat
231 2467 312 2502 tamen
323 2455 442 2519 exsequias
454 2473 460 2503 r
473 2471 516 2503 nec
528 2458 576 2520 jam
587 2448 726 2520 suspendere
738 2454 823 2507 fletum

106 2576 108 2583 .
196 2532 318 2591 Sustinet,
337 2535 362 2579 δι
374 2535 448 2596 pietas
458 2531 607 2583 dissimulata
622 2548 696 2597 patet.

164 2611 299 2677 Osculaque
315 2608 432 2676 applicuit
448 2615 528 2675 posito
540 2614 648 2676 suprema
657 2611 746 2660 feretro
758 2627 768 2669 t

193 2691 274 2753 Atque
285 2689 319 2735 ait
331 2703 338 2745 3
356 2686 436 2737 Invito
452 2688 524 2737 frater
535 2687 646 2747 adeunte,
656 2687 720 2738 vale.

162 2765 307 2832 Arfiiroaque
316 2779 379 2814 artus
386 2766 453 2813 unxit
462 2784 468 2814 z
478 2764 570 2821 secere,
584 2764 653 2832 quod
660 2765 721 2827 ille,

195 2842 318 2892 Faustulus
328 2876 337 2903 ,
354 2846 379 2893 δι
391 2842 481 2893 mestas
492 2845 554 2893 Acca
565 2845 644 2894 soluta
654 2860 745 2894 comae.

162 2920 227 2973 Tum
237 2923 348 2984 juvenem
358 2919 468 2970 noudum
478 2919 534 2971 faui
545 2918 630 2972 flevere
641 2922 755 2983 Quirites·
875 2915 903 2979 ⁸5
911 2934 922 2981 5

194 3002 290 3049 Ultima
308 3000 402 3065 plorato
420 3000 514 3051 subdita
529 2999 627 3051 flamma
642 3018 713 3069 rogo.

162 3079 226 3133 Urbs
244 3076 340 3146 oritur(
350 3082 403 3150 quis
413 3094 470 3131 tunc
481 3082 528 3133 hoc
539 3079 585 3131 ulli
595 3079 689 3132 credere
699 3078 778 3149 posset
786 3082 816 3154 i)
