2334 3917
258 422 406 489 Eritis
423 422 479 489 nx
505 420 658 489 Ponto
683 420 721 490 L.
747 421 797 492 II.
828 445 893 516 305
971 505 973 508 ,

216 541 323 592 Primum
336 544 425 591 letitia
435 555 484 590 non
493 555 565 605 negat
576 538 622 589 ess'e
633 541 723 590 lucum.
794 563 797 568 ·

184 619 306 686 Quicquid
318 623 347 669 ab
359 624 395 669 his
406 619 520 684 superest,
536 621 604 667 venit
618 620 642 667 in
655 631 774 668 certarnen
789 621 895 669 amorirr

217 698 267 745 Hac
284 701 411 765 hominum
428 696 489 745 nulli
506 712 571 761 parte
589 695 703 744 secundus
720 701 773 745 eris.
913 715 946 761 90

183 775 255 824 Hunc
269 777 328 825 colis
343 792 398 827 ante
413 775 493 830 ditm,
504 791 545 838 per
556 791 629 840 quem
644 772 738 823 decreta
754 778 854 824 merenti

201 847 204 854 ’
218 855 291 902 Venit
305 857 426 902 honoratis
442 853 520 902 laurea
530 851 602 916 digna
614 855 698 900 comis.

183 931 274 979 Felices
286 932 292 981 Ξ
312 934 397 997 quibus
415 934 458 980 hos
476 930 546 979 licuit
556 931 657 995 speirare
669 931 820 993 triumphos,

215 1009 246 1056 Et
257 1010 331 1058 Ducis
343 1026 384 1058 ore
394 1008 460 1057 Deos
470 1011 628 1074 aequiparante
640 1008 696 1056 frui.

181 1083 212 1131 At
223 1087 284 1134 inihi
294 1087 454 1143 Sauromata,
467 1101 511 1148 pro
522 1084 620 1134 Cesaris
631 1100 685 1138 ore,
696 1081 812 1144 videndi,
911 1108 941 1152 95

213 1161 334 1228 Terraque
349 1166 412 1229 pacis
427 1166 512 1227 inops,
530 1159 642 1226 undaque
651 1164 729 1211 vinsta
739 1161 803 1225 gelu.

180 1241 205 1286 Si
218 1254 298 1288 tamen
308 1242 358 1288 haec
369 1238 453 1294 audis,
465 1244 490 1288 &
507 1255 556 1290 vox
577 1255 629 1286 mea
645 1242 752 1304 pervenit
767 1239 844 1298 istuc;

212 1316 248 1363 Sit
266 1329 306 1363 tua
324 1315 442 1366 mutando
456 1318 532 1380 gratia
547 1304 636 1364 Blanda
650 1315 714 1364 loco.

83 1418 84 1423 =
179 1391 233 1441 Hoc
255 1409 320 1457 pater
333 1393 376 1442 ille
393 1409 467 1452 tuus,
482 1397 562 1458 primo
579 1395 639 1442 mihi
656 1393 734 1442 cultus
749 1393 778 1441 ab
796 1409 866 1454 avo,

212 1473 236 1518 Si
253 1470 312 1537 quid
325 1473 396 1520 habet
411 1471 490 1520 sensns
501 1472 593 1520 umbra
610 1469 717 1529 diserta,
730 1473 799 1534 petit.
896 1487 941 1520 ruo

179 1547 311 1613 Hocpetit
327 1553 352 1599 St
368 1549 458 1600 frater:
472 1552 581 1615 quamvis
593 1546 690 1598 fortasse
699 1562 809 1608 vetetur,

209 1625 322 1676 Servandi
341 1643 427 1676 noceat
440 1643 470 1675 nc
486 1628 530 1676 tibi
548 1643 604 1676 eura
619 1629 677 1674 mei.

177 1703 242 1752 Tota
259 1703 346 1754 domus
361 1708 422 1770 petit
440 1708 486 1754 hoc
507 1723 513 1753 ε
533 1721 577 1754 nec
596 1721 621 1754 tu
635 1718 703 1769 potes
721 1704 770 1768 ipse
787 1716 871 1766 negare
881 1735 891 1761 ,

208 1782 239 1829 Et
255 1799 298 1831 not
314 1785 340 1832 in
357 1783 432 1832 turbe
447 1798 513 1847 parte
530 1779 599 1832 iuirie
616 1798 672 1833 tuae.
769 1793 774 1804 '

175 1859 268 1922 Ingenii
279 1859 357 1919 certi,
368 1876 419 1925 quo
430 1876 474 1909 nos
484 1859 546 1909 male
557 1863 670 1908 sensimus
680 1861 749 1913 usna.
893 1885 935 1932 ¹⁰5

207 1938 302 1986 Artibus
322 1941 445 2002 exceptis,
464 1940 523 2003 saepe
541 1939 655 2004 probator
666 1955 723 1986 eras.

175 2014 227 2066 Nec
239 2032 308 2070 mea,
324 2019 343 2065 si
362 2016 455 2066 tantini
469 2013 814 2081 peccatanuvia'simademaa,

205 2090 259 2140 Effe
272 2095 347 2157 potest
357 2093 442 2144 domui
452 2099 502 2147 vita
513 2093 625 2161 pudenda
636 2111 690 2146 tua.

173 2170 212 2220 Sic
229 2172 302 2233 igitur
318 2173 399 2222 vestrae
417 2177 513 2238 vigeant
530 2175 661 2239 penetralia
676 2175 772 2240 gentis,

205 2246 318 2311 Curaque
334 2253 365 2298 sit
380 2253 472 2316 Superis
485 2251 667 2318 Caesaribttsque
678 2257 722 2302 tui.
889 2273 935 2306 rte

172 2319 253 2379 Mite,
271 2322 312 2373 sed
329 2327 416 2374 iraturn
434 2329 522 2377 meriti>
539 2333 600 2378 mihi
618 2330 732 2389 Numen,
750 2328 842 2389 adota3

205 2397 300 2447 Eximat
314 2415 342 2448 ut
358 2403 462 2462 Scythici
477 2423 516 2453 me
534 2408 627 2455 feritate
640 2407 698 2456 luci.

170 2472 278 2523 Difficile
291 2476 338 2535 est,
354 2477 448 2535 fateor,
463 2481 504 2530 sed
521 2464 599 2532 studit
608 2486 634 2532 in
645 2482 718 2533 ardua
728 2487 803 2536 virtus
818 2504 825 2534 ε

202 2553 234 2601 Et
251 2553 305 2602 talis
320 2557 400 2604 meriti
417 2560 493 2620 gratia
511 2563 590 2623 major
608 2563 661 2609 etit.

168 2632 220 2682 Nec
232 2646 312 2680 tamen
324 2632 430 2698 AEtnaeus
441 2635 505 2684 vasto
518 2629 714 2700 Polyphemus'in
725 2654 793 2688 antro
885 2665 927 2710 115

199 2710 310 2773 Accipiet
318 2726 405 2770 voces,
419 2711 605 2778 Antiphatesve,
617 2729 668 2762 tuas
680 2734 686 2764 r
804 2765 810 2780 ,

168 2785 214 2836 Sed
224 2785 332 2851 placidus
344 2787 467 2854 facilisque
478 2791 564 2842 Partus
571 2826 579 2852 ,
592 2796 715 2860 veniaeque
725 2809 836 2860 paratus,

199 2864 230 2913 Et
247 2868 289 2929 qui
305 2865 423 2916 fulmineo
437 2868 497 2931 saepe
509 2871 559 2917 sine
570 2874 626 2934 igne
641 2888 717 2924 tonat.

166 2939 231 2999 Qui,
244 2941 299 2989 crim
312 2943 375 2992 triste
385 2943 478 3009 aliquid
489 2945 586 3006 statuit,
600 2939 630 2999 fit
645 2949 713 2998 tristis
728 2954 753 2999 δι
768 2951 834 3015 ipse:

198 3015 293 3082 Cuique
304 3018 353 3068 fere
362 3037 459 3085 poenam
470 3024 562 3073 sumere
573 3041 645 3090 poena
656 3028 695 3076 sua
705 3027 745 3077 est.
808 3058 811 3062 -
879 3033 889 3066 ¹
895 3034 925 3068 ²⁰

166 3094 235 3145 viui
253 3111 335 3148 tamen
351 3103 412 3154 vitio
431 3101 464 3152 est
480 3104 551 3172 huius
568 3104 696 3158 clementia
710 3107 809 3164 nostroe
