2334 3917
264 398 773 473 ErrsmeonroLIII.
812 432 825 495 3
836 432 849 495 3
860 429 873 497 5

198 519 228 569 ln
239 520 332 587 Phryga
342 537 385 571 nec
399 523 510 584 Satyrum
521 523 575 573 talis
585 525 705 591 Olympus
718 541 777 576 erat.
843 537 847 574 ζ
922 558 928 563 ·

161 597 266 648 Praemia
279 616 322 649 nec
340 600 435 651 Chiron
446 602 476 651 ab
488 602 578 652 Achilli
591 604 648 652 talia
662 608 740 669 cepit,

197 677 385 745 Pythagoraeque
398 679 477 728 ferunt
489 696 540 731 non
550 680 656 731 nocuiffe
667 683 782 732 Numam.

162 752 274 806 Nomina
284 772 330 805 neu
347 756 449 806 referam
461 759 561 824 longum
573 759 673 810 collecta
686 778 726 826 per
740 778 835 823 avum,
895 784 925 824 45

128 894 130 897 Ι
197 832 324 899 Discipulo
335 838 393 899 perii
407 836 469 885 solus
485 838 515 885 ab
526 840 575 902 ipse
592 856 657 887 meo.

162 908 233 959 Dum
248 908 331 975 damus
342 928 406 961 arma
420 915 464 962 tibi
476 948 484 973 ‚
497 911 555 963 dum
567 931 606 975 te,
620 916 720 976 lascive,
732 916 845 969 docemus
856 936 863 977 3

196 988 274 1047 Haec,
293 1004 316 1037 te
332 987 466 1055 discipulo,
485 990 547 1041 dona
560 994 669 1058 magister
678 997 757 1045 habet.

164 1066 215 1114 Scis
229 1081 324 1127 tamen,
344 1084 370 1117 ut
383 1068 476 1135 liquido
486 1074 575 1135 Juratus
587 1072 667 1122 dicere
677 1078 771 1138 possis,

198 1144 256 1193 Non
269 1163 307 1195 me
324 1146 444 1212 legitimos
458 1148 584 1201 solicitasse
596 1166 671 1200 totos.
899 1151 929 1216 qo

164 1224 307 1287 Scripsimus
319 1226 368 1273 hirc
384 1226 449 1286 illie,
473 1244 573 1293 quarum
585 1246 629 1277 nec
640 1233 700 1280 vitta
714 1228 815 1294 pudicos

198 1298 330 1365 Contingit
340 1305 431 1363 crines,
448 1320 491 1353 nec
503 1305 563 1356 stola
574 1307 648 1372 longa
659 1306 738 1371 pedes.

162 1374 231 1435 Dic,
245 1393 345 1441 precor,
361 1379 491 1445 Ecquando
502 1381 606 1433 didicisti
618 1384 701 1434 fallere
711 1399 795 1450 nuptas
805 1402 814 1444 5

197 1454 228 1503 Et
239 1454 317 1505 facere
332 1460 449 1508 incertum
461 1478 502 1525 per
519 1478 572 1510 mea
589 1460 650 1528 julia
666 1471 757 1527 genus?

162 1531 201 1581 lin
219 1534 250 1581 sit
262 1534 291 1582 ab
302 1536 338 1583 his
349 1540 428 1585 omnis
441 1536 516 1603 rigidi
527 1540 637 1589 lirbmota
649 1540 755 1599 libellis,
897 1564 924 1609 55

196 1608 275 1669 Quam
288 1611 325 1661 lex
336 1613 437 1668 furtivos
448 1632 512 1665 arcet
525 1618 611 1667 habere
622 1622 685 1667 viros
695 1623 703 1667 i

163 1683 230 1747 Quid
248 1703 327 1740 tamen
337 1693 384 1742 hoc
395 1692 502 1757 prodest,
521 1698 591 1745 vetiti
611 1700 629 1744 si
642 1697 695 1762 lege
707 1698 788 1749 severi

197 1763 291 1815 Credor
306 1767 417 1819 adulterii
427 1772 585 1837 composuilse
596 1791 664 1824 notas
675 1783 683 1828 Ξ

163 1841 196 1891 At
209 1857 252 1905 tu,
271 1848 304 1895 sic
314 1848 400 1897 babeas
412 1849 523 1899 ferientes
540 1854 623 1901 cundia
635 1854 747 1917 sagittat,

199 1922 236 1986 Sic
251 1940 384 1991 numquam
402 1925 486 1992 rapido
501 1927 618 1993 lampadis
633 1933 686 1994 igne
701 1947 803 1989 vacent,

165 1997 205 2047 Sic
222 2016 287 2066 regat
301 2006 449 2067 imperium,
466 2020 584 2076 terrasque
599 2014 706 2059 co'e'rceat
721 2027 805 2059 omnes

83 2064 88 2079 ⁸
198 2074 294 2140 Crescit,
311 2082 342 2131 ab
358 2082 433 2133 AEnea
449 2088 491 2150 qui
509 2086 553 2135 tibi
574 2086 647 2135 fratre
664 2104 757 2153 nepos3

156 2150 255 2215 Effice,
272 2161 303 2207 sit
322 2162 391 2209 nobis
408 2178 458 2213 non
479 2163 639 2229 implacabilis
652 2169 706 2228 ira,
727 2208 730 2211 .

197 2232 285 2298 Meque
303 2236 358 2286 loco
371 2239 441 2304 plebi
457 2240 624 2295 commodiore
638 2244 706 2301 velit.

166 2304 222 2355 Haec
239 2325 284 2372 ego
295 2315 357 2362 visus
375 2333 440 2365 eram
461 2320 536 2369 Puero
552 2320 636 2373 dixiffe
653 2325 746 2374 volucri
756 2344 779 2374 t.
885 2349 924 2398 *⁶5

199 2382 249 2432 llos
264 2388 326 2435 visus
347 2392 415 2441 nobis
430 2394 471 2442 ille
491 2395 580 2448 dedisse
602 2404 680 2449 sonos.

166 2457 227 2520 Per,
245 2480 298 2513 Μελ
310 2465 373 2526 tela,
385 2469 465 2541 faces,
478 2478 503 2523 δε
516 2493 572 2540 per,
585 2494 639 2527 mea
651 2477 714 2537 tela,
732 2480 846 2543 sagittas,

198 2538 240 2588 Per
261 2550 453 2613 manentium,
476 2552 659 2621 Caesareumque
675 2571 764 2620 caput3
863 2558 870 2575 ’

167 2614 207 2665 Nil
218 2654 225 2675 ,
249 2624 294 2671 nisi
306 2625 460 2689 concellum,
476 2647 519 2681 nos
539 2647 562 2681 te
578 2629 686 2681 didicilse
696 2634 808 2698 magistro
820 2653 828 2695 3

198 2699 293 2749 Artibus
311 2705 336 2751 bt
354 2705 449 2755 nullum
466 2713 556 2759 crimen
571 2708 644 2759 ineffe
660 2714 715 2765 tuis,
895 2740 927 2782 70

166 2774 245 2841 thue
263 2781 329 2847 hoc,
349 2786 382 2832 sic
399 2787 490 2835 utinam
507 2786 634 2839 defendere
651 2804 728 2838 cetera
745 2786 839 2853 polles!

198 2860 246 2907 Scis
267 2858 350 2920 aliud,
367 2862 433 2928 quod
453 2881 475 2914 te
492 2865 597 2925 laeserit,
612 2864 659 2915 elle
676 2870 761 2931 magii.

167 2932 286 3002 Quicquid
297 2938 375 3000 idest,
385 2958 462 3007 neque
470 2947 534 2993 enim
542 2942 613 2993 debet
622 2944 693 2994 dolor
700 2945 741 2992 ille
749 2944 843 3000 referri,

198 3012 253 3063 Non
270 3033 337 3081 potes
356 3035 369 3067 a
385 3020 456 3084 culpa
472 3018 550 3069 dicere
569 3019 647 3072 abeffe
669 3022 718 3071 tuti.

896 1964 927 2000 60

166 3086 202 3137 Tu
217 3090 271 3143 licet
286 3100 370 3147 erroris
381 3098 423 3147 sub
434 3100 538 3163 imagine
552 3102 643 3151 crimen
653 3101 797 3165 obumbres,
893 3124 922 3171 75
