2334 3917
335 324 429 427 3³12¹
458 338 502 407 Ρ.
533 341 689 409 Ονιυιι
711 342 905 409 Nasonis

275 460 306 508 ⁴5
326 461 360 510 Te
372 459 464 511 dicente
475 459 553 525 pride,
566 460 594 509 fit
604 463 712 526 protinus
722 464 825 527 impetus
835 462 873 511 iili
886 481 893 510 ι

357 539 438 604 Teque
449 542 519 587 habet
526 572 534 594 ,
548 538 628 587 elicias
639 543 682 605 qui
692 541 733 587 sua
741 541 814 589 uerba
825 544 882 589 tuis.

322 614 387 665 Crlrn
405 630 431 665 tu
448 614 544 671 desisti,
560 617 719 681 mortaliaque
730 633 772 665 ora
782 617 909 681 quierunt,

355 690 490 759 Clausaque
499 710 549 741 non
559 694 633 757 longi
643 697 779 743 conticuere
790 693 858 743 mori
867 713 876 752 3

322 769 402 831 Surgit
422 770 489 819 lilleo
512 774 603 835 juvenis
620 775 764 833 cognomine
782 769 885 835 dignus,

273 844 304 893 50
353 845 436 905 Qualis
451 848 481 895 ab
498 847 553 895 Eois
571 847 667 895 Lucifer
684 852 732 897 erit
746 852 822 913 aquis.

319 922 433 989 Dumque
444 924 514 973 silens
529 925 603 979 astat,
620 925 691 973 status
702 925 734 973 est
744 926 871 991 vultuique
882 923 975 985 diserti,

352 1004 470 1069 Spemque
478 1000 563 1051 decent
574 1001 650 1052 do&
661 1005 727 1053 vocis
736 1005 835 1051 amilius
843 1006 925 1052 haber.

318 1079 397 1139 Mox,
414 1083 454 1131 ubi
464 1081 529 1146 pulsa
539 1098 607 1129 mora
617 1080 666 1139 eil,
683 1096 754 1147 atque
764 1098 792 1129 os
802 1081 896 1130 caeleste
908 1082 1023 1142 solutum,

350 1158 405 1209 Hoc
415 1161 517 1224 Superos
528 1163 589 1221 jures
598 1174 666 1207 rnore
675 1157 750 1205 solere
762 1157 838 1223 loqui.

270 1229 298 1279 55
317 1234 412 1302 Atque,
424 1237 481 1285 Haec
492 1236 536 1291 est,
551 1235 631 1293 dicas,
645 1233 757 1285 facundia
772 1236 880 1299 Principe
892 1233 975 1300 digna,

348 1313 453 1379 Eloquio
466 1312 558 1363 tanttlrn
569 1313 704 1363 nobilitatis
713 1313 780 1361 inest.

315 1390 379 1439 Huic
390 1404 415 1441 tu
426 1388 481 1447 trini
496 1391 606 1455 placeas,
621 1395 645 1440 δι
655 1394 745 1439 uertice
754 1389 831 1442 sidera
842 1405 939 1455 tangas,

344 1469 438 1534 Scripta
453 1484 533 1519 tamen
548 1464 646 1533 p'tofugi
659 1472 720 1519 vatis
734 1468 843 1517 habenda
860 1484 938 1532 putas.

313 1546 410 1599 Scilicet
427 1548 527 1611 ingeniis
541 1546 621 1611 aliqua
636 1547 669 1595 est
682 1544 929 1609 concordiajunuis,

267 1624 300 1665 60
348 1624 379 1673 Et
398 1626 473 1674 servat
492 1622 561 1673 studii
577 1622 668 1673 foedera
681 1627 781 1689 quisque
794 1625 839 1671 sui.

315 1703 423 1753 Rusticus
436 1702 581 1767 agricolam,
592 1700 661 1749 miles
672 1701 722 1751 fera
732 1701 797 1749 bella
806 1716 944 1767 gerentem,

344 1784 468 1831 Rediorem
480 1778 557 1833 ‹urbiae
567 1782 648 1829 navita
657 1781 742 1845 puppis
755 1794 829 1828 amat.

311 1860 349 1908 Tu
362 1874 458 1925 quoque
469 1856 589 1906 Pi'e'ridum
600 1855 694 1918 studio,
708 1855 827 1917 studiose,
839 1858 941 1915 teneris;

342 1936 488 2000 Ingenloque
499 1935 576 1989 faves,
589 1936 729 2001 ingeniose,
741 1952 806 1983 meo.

261 2009 289 2062 ⁶5
308 2012 386 2061 Distat
403 2028 462 2076 opus
480 2012 604 2069 nostrum3
620 2009 660 2059 sed
672 2011 778 2060 fontibus
789 2014 837 2062 ertit
851 2012 880 2059 ab
893 2009 969 2060 isdem
981 2029 987 2059 e

340 2091 402 2139 Artis
422 2093 446 2137 δι
464 2092 572 2153 ingenue
589 2089 668 2138 cultor
683 2106 781 2155 uterque
798 2092 888 2138 sumus.

307 2156 412 2229 Thyrius
424 2167 567 2218 enimvobis
577 2167 681 2229 ‚gestata
692 2166 724 2216 est
734 2167 813 2215 laurea
823 2169 910 2227 uobis;
946 2190 948 2195 ·

339 2243 385 2294 Sed
397 2260 475 2295 tamen
487 2244 604 2293 ambobus
616 2242 687 2296 debet
697 2242 768 2292 incise
779 2246 853 2294 calor.

305 2322 387 2389 thue
399 2324 456 2370 meis
466 2324 569 2369 numeris
582 2338 622 2371 tua
635 2322 677 2374 dat
687 2321 799 2372 facundia
809 2340 893 2375 nervos
904 2344 912 2374 a

256 2411 289 2456 7⁹
338 2404 375 2451 Sic
386 2404 451 2449 venit
461 2400 553 2449 anobis
565 2404 590 2449 in
604 2416 641 2449 tua
650 2401 721 2449 verba
732 2403 805 2450 nitor.

304 2481 359 2529 lure
370 2481 441 2543 igitur
452 2475 528 2526 studio
537 2476 853 2538 confiniacarminavestro,

256 2578 257 2583 ¹
336 2558 367 2607 Et
379 2555 517 2605 commilitii
528 2558 591 2605 sacra
602 2544 689 2604 tuenda
700 2572 778 2619 putas.

302 2635 349 2683 Pto
360 2637 444 2699 quibus
455 2649 482 2681 ut
492 2648 588 2681 maneat
595 2669 603 2693 ,
615 2632 703 2699 dequo
714 2636 828 2694 censerit,
841 2638 932 2687 amicus
942 2674 952 2700 ‚

333 2710 483 2777 Compreeor
493 2709 524 2759 ad
532 2714 590 2759 ‘vitae
600 2726 709 2775 tempora
718 2713 810 2760 summa
820 2727 866 2762 tuae
878 2733 885 2762 a

253 2808 282 2857 75
301 2788 461 2853 succedatque
472 2791 518 2835 tuis
529 2789 593 2837 orbis
604 2786 741 2838 moderator
750 2791 846 2839 habenis
858 2810 864 2838 e

334 2864 408 2931 Quod
425 2881 519 2917 mecum
536 2866 620 2931 populi
636 2882 692 2917 vota
708 2883 833 2932 precantur
849 2867 924 2920 idem.

856 3109 1018 3163 epistota
