2334 3917
340 342 413 481 124¹
477 392 520 460 P.
549 390 703 459 Orrnrr
726 390 928 461 ursonis·
1052 148 1102 495 l

366 511 455 562 Attulit
468 518 476 565 Ξ
495 515 607 577 exponit,
619 529 692 579 quem
705 528 788 578 perat,
799 514 941 564 illulotum.

332 588 433 641 Addidit
444 594 468 640 bt
480 592 589 639 caulem:
600 592 677 640 verbis
688 590 782 641 solabar
791 595 882 641 amitis.

364 668 423 718 Non
435 704 444 729 ‚
455 671 551 735 inquit,
561 668 639 721 verbis
650 683 706 717 cure
716 666 817 719 levanda
827 686 882 719 mea
890 668 933 719 est.

331 747 356 795 Si
365 762 432 812 parer
442 747 475 797 est
488 746 561 796 fastus
567 782 577 807 ‚
589 746 697 812 negleiio
708 749 818 813 conjugis
826 749 885 809 usu,

282 841 329 887 240
362 826 485 891 luppiter,
498 830 523 874 bt
535 825 598 881 solus
611 840 703 873 nomeu
712 838 932 891 utrumquetenet3

330 902 382 955 Cur
399 920 444 969 ego
456 900 578 967 desperem
589 901 640 951 fieri
652 905 703 951 sine
715 906 817 968 conjuge
826 917 915 952 metere
948 938 951 943 -

361 980 394 1030 Et
404 996 484 1045 parete
494 982 583 1029 iutaiio
594 1015 603 1040 ,
614 978 751 1031 dummodo
762 981 840 1040 casta,
857 984 930 1032 virui

328 1059 418 1108 Omnia
430 1059 526 1108 tentabo
537 1058 592 1107 latis
600 1057 760 1109 medicamine
772 1062 854 1117 territt

360 1137 392 1187 Et
404 1137 481 1197 freta,
496 1136 623 1187 Tartareos
631 1139 797 1201 excutiamque
806 1139 879 1186 sinue.

280 1216 382 1272 245Vox
393 1230 443 1265 erat
454 1219 480 1265 in
491 1216 573 1265 eursu:
585 1214 682 1265 vultum
690 1212 822 1263 dubitantis
832 1215 960 1265 habebam.

358 1292 447 1343 Nescio
456 1290 533 1359 quid,
545 1290 677 1357 Nymphe‚
689 1290 756 1356 polle
766 1290 853 1341 videris
864 1326 872 1351 ,
887 1295 930 1342 rit.

326 1370 374 1421 Ter
387 1370 454 1421 volui
465 1373 606 1435 promittere
616 1387 688 1435 opem
700 1403 709 1424 ‚
720 1385 755 1420 tet
766 1370 847 1436 lingua
856 1386 947 1421 retente
955 1372 999 1423 esta

358 1448 396 1496 ira
411 1449 475 1499 Jovit
485 1452 566 1513 magni
577 1449 646 1497 causa
654 1451 748 1497 timoris
759 1464 818 1498 eret.

325 1525 389 1584 Fer,
408 1540 508 1591 precor,
522 1518 639 1576 auxilium
654 1561 662 1584 ‚
679 1524 756 1585 dirit3
771 1526 887 1575 celabitur
901 1530 983 1578 audior
994 1549 1011 1579 z.

185 1600 188 1607 ⁴
277 1616 325 1668 250
358 1604 389 1653 Et
399 1606 485 1669 Stygiae
495 1620 584 1653 numen
593 1602 730 1653 testificatur
739 1618 814 1669 aqure.

283 1721 285 1726 .
324 1680 397 1743 Quod
413 1684 473 1746 petis
483 1713 492 1739 ,
504 1680 596 1729 Oleniis
605 1715 614 1739 ,
622 1683 737 1746 inquam,
749 1682 811 1728 mibi
821 1678 902 1730 miffur
910 1682 940 1731 ab
951 1686 1015 1734 arvis

356 1760 411 1808 Flos
422 1758 489 1809 dabit
501 1777 507 1807 ε
520 1758 552 1809 est
561 1760 638 1807 hortis
650 1761 733 1806 unicus
743 1757 786 1807 ille
797 1761 866 1808 meis.

323 1836 371 1899 Qui
379 1834 893 1902 dabat‚lioc,dixit,sterilemquoquetange
901 1839 1042 1900 juvencam,

355 1916 434 1964 Mater
444 1918 497 1963 erit.
509 1914 605 1978 Tetigit
620 1930 664 1962 nec
676 1930 758 1974 mora,
769 1929 846 1963 mater
854 1930 913 1964 etet.

275 1993 432 2054 255Protinus
439 1994 567 2040 haerentem
579 1989 684 2055 decerpsi
694 1990 784 2055 pollice
794 1990 893 2040 florem:

355 2071 489 2135 Tangitur,
505 2072 529 2117 dt
541 2070 604 2117 tatto
615 2071 721 2133 concipit
732 2068 775 2117 illa
786 2072 848 2118 sinu.

321 2149 421 2214 Jamque
431 2150 507 2214 gravis
518 2146 644 2201 Thracen,
659 2144 684 2195 bt
695 2146 754 2195 laeva
762 2145 921 2212 Propontidos
928 2150 1019 2201 intrate

354 2228 438 2292 Fitque
449 2241 533 2291 potens
542 2227 610 2284 voti,
622 2224 734 2289 Marsque
746 2239 837 2273 creatus
848 2240 906 2274 erat·
1100 2214 1102 2221 ¹

322 2306 370 2366 Qui
382 2321 475 2353 memor
485 2304 575 2367 accepti
587 2317 628 2367 per
639 2318 678 2349 me
689 2301 793 2361 natalis,
809 2302 903 2352 Habeto

273 2388 320 2431 260
354 2385 391 2433 Tu
403 2398 498 2449 quoque
516 2378 652 2437 Romulei,
665 2377 743 2439 dixit,
758 2382 784 2427 in
797 2378 862 2427 Urbe
873 2378 966 2430 locum.

320 2464 429 2512 forsitan
439 2463 465 2508 in
477 2460 561 2507 teneris
570 2455 665 2507 tannim
675 2473 729 2506 mea
740 2460 911 2521 regnatoronis
1011 2475 1014 2482 ·

354 2538 407 2591 Effe
418 2553 500 2605 putes:
513 2551 614 2601 tangunt
621 2539 744 2584 numen&
752 2550 807 2585 arva
817 2550 907 2583 meum.

320 2620 345 2668 si
356 2621 415 2668 bene
425 2615 550 2666 floruerint
558 2615 662 2678 segetes,
673 2615 718 2662 erit
726 2628 780 2663 aree
790 2610 865 2663 dives.

352 2699 375 2747 si
387 2698 446 2745 bene
456 2692 562 2747 floruerit
573 2695 654 2751 vinee,
670 2691 775 2739 Bacchus
786 2693 841 2739 erit.

272 2776 343 2833 ²⁶58i
358 2775 418 2822 bene
429 2770 554 2821 floruerint
563 2768 640 2827 oleae,
651 2765 807 2816 nitidissimus
817 2783 891 2818 annus
901 2786 910 2828 3

352 2852 473 2913 Pomaque
483 2860 627 2911 proventum
641 2847 755 2910 temporis
764 2848 834 2911 buius
844 2849 942 2897 habent.

319 2926 388 2977 flore
400 2926 471 2977 semel
482 2926 554 2985 laeso,
567 2938 665 2990 pereunt
674 2925 789 2989 vieiaeque
799 2923 923 2990 fabaeque,

352 3004 383 3051 Et
392 3001 589 3067 permittimus,
603 2999 693 3051 advena
704 3000 761 3049 Nile
773 3036 783 3061 ,
795 3016 850 3051 ωε.

318 3080 382 3130 Vine
391 3096 506 3151 quoque,
520 3082 546 3131 in
561 3080 654 3143 magnis
664 3077 764 3144 operosi
773 3078 872 3133 condite
881 3081 965 3144 tellit,
