2334 3917
272 387 339 454 208
413 381 455 454 P.
486 384 641 452 Ovrnrr
664 384 858 457 NArourr

250 507 253 510 ’
303 503 715 566 Vixinstillaroreliitucndardero3
798 561 799 565 ,

269 579 374 633 Nuntiet
381 585 427 633 huc
437 584 524 649 aliquis
532 583 658 634 dominam
668 581 757 635 venisse
763 619 772 645 ,
784 585 918 650 resurgendi

301 662 405 726 Spesque
415 664 450 710 tul
460 663 530 710 nobir
540 664 609 711 causa
626 665 714 727 vigoris
724 665 779 713 erit.

223 745 250 798 ις
270 729 333 802 Ergo
343 754 389 804 ego
399 740 452 788 surn
463 742 519 791 vite
532 738 635 789 dubiurr
649 755 674 790 tu
685 739 785 790 forsitan
792 739 845 788 illic

301 814 635 876 Jucuudum‚nostrinescia‚
648 831 741 882 tempus
751 821 817 883 agir?

269 891 327 942 Non
338 896 402 958 agis,
414 892 508 943 affirmo
517 911 524 943 r
533 893 626 958 liquet,
637 895 669 945 ol
682 898 817 953 carissima,
829 893 912 948 uobis‘,

301 971 406 1036 Tempus
416 975 455 1037 agl
463 975 514 1020 sine
522 987 560 1020 me
569 974 676 1023 nonnisi
688 973 751 1022 triste
761 973 816 1022 tibi.

269 1050 293 1099 Si
304 1065 384 1099 tamen
393 1049 504 1114 implevit
513 1066 567 1098 mea
580 1051 646 1110 sorr5
657 1066 717 1116 quos
729 1049 830 1108 debuit,
843 1059 938 1108 anuos,

222 1140 253 1188 30
301 1128 333 1176 Er
344 1129 405 1176 milri
414 1125 511 1178 vivendi
521 1142 571 1176 tam
580 1127 631 1177 citri
639 1127 693 1178 finis
704 1127 781 1187 adeli3

269 1205 392 1266 Quantum
403 1220 467 1260 erar,
477 1223 494 1254 o
501 1208 582 1270 magni
592 1240 600 1264 ‚
612 1208 717 1278 peritturo
726 1221 820 1270 parcere
830 1237 839 1266 ,
849 1201 920 1264 Diri!

301 1282 337 1332 Ut
347 1283 430 1332 saltem
438 1282 515 1348 patrii
526 1282 704 1332 contumularer
716 1285 800 1332 humo.
846 1297 848 1300 ·
904 1287 918 1304 '¹

269 1359 314 1409 vel
325 1376 396 1425 poena
405 1363 431 1409 in
442 1363 527 1410 mortis
537 1375 630 1426 tempus
641 1359 715 1411 dilata
726 1358 824 1416 fuisset,

302 1438 347 1487 Vcl
358 1434 503 1504 praecepiffet
513 1454 578 1487 mors
589 1452 714 1504 properata
725 1437 816 1503 fugam.

221 1531 248 1578 55
269 1517 361 1582 Integer
370 1519 432 1565 hanc
442 1519 511 1581 potui
521 1531 596 1580 nuper
606 1517 666 1565 berre
676 1513 774 1564 reddere
785 1515 863 1564 lucem
874 1533 881 1564 ε

301 1594 372 1643 Exsul
380 1609 406 1643 ur
413 1592 547 1644 occiderem
558 1610 622 1643 nunc
631 1595 692 1644 mihi
701 1596 750 1645 vira
762 1591 818 1643 data
828 1594 869 1645 est.

270 1673 332 1729 Tam
341 1672 425 1737 procul
434 1675 523 1737 ignotis
533 1676 606 1738 igitur
613 1674 743 1722 moriemur
750 1674 776 1720 in
786 1674 849 1722 oriri

302 1749 333 1800 Er
343 1749 402 1800 fient
411 1751 463 1816 ipso
474 1751 547 1799 triliia
558 1750 608 1800 fata
616 1749 688 1802 loco?

269 1827 322 1877 Nec
333 1845 387 1878 mea
399 1829 513 1878 consueto
521 1829 675 1893 languescunt
681 1843 782 1893 corpora
792 1827 862 1876 leuo.

219 1921 253 1966 40
300 1905 443 1971 Depositum
453 1922 496 1955 nec
507 1921 546 1954 me
556 1909 598 1970 qui
608 1904 677 1966 fleat',
691 1904 754 1954 ullus
766 1906 819 1952 erit.

269 1982 320 2033 Nec
329 2017 337 2043 ‚
349 1981 454 2032 dominu
464 1982 575 2045 lacrymis
585 1985 611 2032 in
621 1982 699 2032 nostra
712 1980 850 2032 cadentibus
860 1995 923 2036 ora,
951 2020 953 2022 .

299 2059 420 2110 Accedent
429 2063 513 2110 anime
522 2076 629 2126 tempora
636 2074 781 2125 parva-meae.

267 2136 320 2186 Nec
330 2135 443 2187 mandata
452 2136 533 2186 dabo?
544 2154 588 2187 nec
601 2155 657 2187 cum
667 2138 772 2188 clamore
784 2138 895 2201 supremo

212 2205 216 2213 ’
300 2214 415 2264 Labenter
425 2214 510 2264 oculos
520 2214 609 2264 condet
620 2219 697 2268 amica
707 2231 800 2265 manus.

218 2313 247 2360 45
268 2290 313 2342 Sed
322 2296 372 2342 sine
382 2293 503 2342 funeribus
511 2305 584 2358 ceput
594 2295 658 2353 hoc,
670 2295 719 2343 sine
730 2295 821 2342 honore
832 2291 932 2357 sepulcri

300 2369 479 2437 Indeploratum
490 2373 589 2421 barbara
600 2387 660 2422 terra
669 2385 741 2436 teger.

266 2447 373 2514 Ecquid,
387 2465 413 2498 nt
426 2448 540 2505 audieris,
551 2452 603 2499 tori
614 2450 847 2518 turbabere-mente?

298 2525 760 2593 Etferierpavidipeliorafidamanu?
818 2517 823 2524 i
910 2574 914 2580 .

267 2602 378 2670 Ecquid,
391 2608 417 2654 in
428 2609 469 2654 har
483 2605 565 2654 frustra
577 2602 675 2654 tendens
687 2617 726 2655 uu
736 2603 832 2653 brachia
842 2614 936 2668 parrer,

221 2696 250 2742 5o
298 2681 422 2733 Clunabis
433 2684 512 2732 miseri
522 2697 611 2732 nornen
621 2685 691 2732 inane
701 2683 761 2734 viti?

268 2760 340 2809 Parce
351 2775 431 2809 tamen
442 2760 544 2811 lacerare
554 2775 641 2825 μεως
654 2775 698 2809 nec
710 2755 790 2808 scinde
804 2755 921 2822 capillos,

299 2836 357 2886 Non
367 2839 411 2886 tibi
421 2853 484 2886 nuuc
495 2838 616 2902 primum,
630 2837 671 2886 lux
680 2853 751 2896 mea,
762 2849 841 2901 raptus
853 2850 903 2884 ero.

267 2913 333 2964 Crim
343 2917 540 2979 patrimonnii,
554 2928 605 2964 tum
620 2931 658 2964 me
669 2913 762 2984 periille
770 2927 873 2978 putator

299 2992 329 3041 Er
338 2995 416 3056 prior,
429 2997 453 3043 δι
462 2996 556 3058 gravior
563 3009 628 3042 mors
640 2993 685 3042 fuir
698 2992 740 3042 illa
750 2994 820 3042 mihi.

219 3088 230 3136 ς
237 3092 247 3138 5
267 3069 352 3134 Nunc,
369 3072 555 3150 ripereporrr,
567 3069 664 3122 sednon
675 3085 753 3138 poter,
766 3071 859 3136 optima
870 3069 960 3134 cnnJur
966 3098 979 3132 ,
