2334 3917
299 310 368 377 370
442 289 483 357 P.
507 292 664 363 Orrnrr
685 301 884 373 NArorrrs

295 414 463 481 Innumerique
474 416 527 472 alii,
539 434 600 483 quos
609 422 671 469 inter
679 427 796 473 maximus
803 442 890 475 omnes

326 492 419 544 Cedere
430 494 553 545 Danubius
565 499 589 545 se
599 500 658 553 tibi,
668 500 725 551 Nile
735 538 744 562 ,
754 518 833 567 neget.

293 570 373 639 Copia
383 588 421 623 tot
432 574 548 630 laticum,
561 594 619 643 quat
630 594 717 643 auget,
728 578 847 633 adulterat
859 579 958 642 undau

245 680 276 715 to
325 652 376 702 Nee
387 657 548 719 pariturvires
558 674 639 722 aequor
650 660 736 707 habere
746 660 808 707 suat.

291 731 358 793 Quin
368 738 459 793 etiam,
472 734 553 799 stagno
562 736 659 790 similit,
669 738 789 802 pigraque
798 735 900 802 paludi,

324 810 447 862 Caeruleus
457 817 497 863 vix
505 815 552 875 eil,
563 812 711 879 diluiturque
721 814 800 865 color.

290 888 387 941 Innatat
396 888 460 941 unda
470 891 533 941 freto
542 889 633 948 duleis,
642 891 765 959 leriorque
775 892 869 943 marini
880 892 932 949 est.

324 967 384 1029 Qure
394 972 516 1035 proprium
528 972 607 1019 mitto
617 968 647 1019 de
658 971 706 1019 sale
716 970 810 1035 pondua
820 973 906 1022 habet.

242 1078 270 1135 ⁴5
290 1048 314 1097 si
327 1062 395 1113 roget
407 1051 457 1098 hzc
472 1048 573 1115 aliquis,
586 1066 628 1098 cur
640 1052 689 1097 tint
697 1065 792 1100 narrata
801 1048 913 1113 Pedoni,

324 1126 419 1188 Quidve
432 1128 500 1193 loqui
517 1130 588 1177 certis
603 1130 693 1192 juverit
705 1130 749 1178 iiia
761 1126 860 1186 modist

290 1204 409 1266 Detinui‚
420 1204 500 1254 dicatu
510 1241 519 1266 ,
529 1220 638 1269 ternpus,
647 1222 763 1271 tutasque
773 1206 861 1256 fefelli.

321 1284 392 1333 Hunc
404 1284 507 1332 fructum
517 1286 618 1348 praesena
627 1284 710 1333 attulit
719 1287 780 1334 hora
789 1287 862 1334 mihi.

288 1360 415 1411 Abfuimur
426 1360 512 1421 solito,
524 1358 583 1410 dum
595 1362 720 1410 scribimus
730 1362 787 1422 ista,
798 1361 880 1412 dolori
892 1382 900 1413 e

319 1440 347 1489 In
361 1437 446 1489 mediis
459 1455 502 1489 nec
517 1455 561 1489 nus
579 1442 694 1489 sentimus
707 1436 755 1489 eise
770 1441 846 1490 Getis.

287 1519 319 1569 Λῑ
330 1533 370 1577 tu,
381 1534 432 1567 non
442 1518 528 1569 dubito
538 1517 611 1577 ‚etim
622 1521 727 1566 carmine
737 1519 829 1568 Thesea
838 1518 938 1582 laudes,

320 1598 428 1648 Materia
443 1598 527 1648 titulos
540 1599 600 1662 quin
611 1611 690 1644 tueare
708 1611 754 1645 ωε
768 1614 775 1645 :

287 1676 414 1743 Quemque
426 1676 497 1725 refers
507 1710 514 1735 ,
527 1677 621 1723 imitere
630 1676 727 1723 vitum:
740 1688 805 1723 vetat
815 1672 856 1723 ille
867 1670 985 1739 profesti

319 1754 457 1823 Tranquilli
466 1754 581 1805 comitem
592 1755 707 1817 temporis
717 1748 764 1801 effe
774 1751 857 1802 fidem.

237 1868 265 1917 75
287 1834 335 1894 Qui
345 1850 491 1900 quamquam
503 1832 536 1881 ast
547 1832 614 1880 fastis
623 1834 722 1896 ingene,
732 1835 757 1880 bt
767 1829 903 1881 conditura
914 1845 940 1881 te

317 1914 360 1961 Vir
375 1926 459 1967 tanto,
472 1924 564 1977 quanto
575 1908 659 1959 debuit
669 1926 711 1958 ore
720 1913 774 1959 tani
781 1926 790 1966 ;

283 1990 323 2039 Eli
334 2005 414 2039 tamen
425 1989 508 2038 exilio
518 1990 588 2038 nubit
605 1987 723 2037 imitabile
737 1985 871 2053 quiddam,

315 2068 390 2133 Inque
408 2065 455 2115 fide
472 2068 577 2115 Theseus
593 2067 697 2131 quilibet
711 2064 758 2115 elle
776 2065 861 2131 potest.

282 2146 339 2199 Non
350 2148 394 2195 tibi
405 2147 460 2193 sunt
473 2144 550 2193 hoster
560 2142 624 2191 ferto
634 2143 750 2211 clavique
760 2140 894 2204 domandi,

233 2242 266 2290 30
314 2226 357 2277 Per
368 2240 428 2289 quos
440 2225 478 2272 vix
488 2222 532 2271 ulli
543 2224 637 2287 pervius
647 2222 748 2272 lstbrnos
759 2238 825 2273 etat:

281 2302 327 2353 Sed
339 2298 482 2368 praestandus
495 2317 578 2362 amor,
591 2317 627 2349 res
640 2318 690 2351 non
705 2304 805 2367 operosa
818 2300 924 2353 volenti.

315 2382 374 2441 Quis
387 2381 455 2439 labor
468 2380 501 2429 est
514 2396 599 2447 purum
614 2397 663 2429 non
679 2378 802 2429 temeralse
816 2378 911 2434 fidem!

280 2459 338 2508 Haec
354 2458 412 2518 tibi,
424 2462 466 2524 qui
480 2458 564 2523 perstas
581 2456 740 2508 indeclinatus
759 2461 857 2518 amico,

314 2536 371 2605 Nun
385 2537 434 2600 est,
447 2535 515 2604 quod
531 2537 614 2604 lingui
632 2535 694 2587 ditia
710 2554 824 2605 querente
838 2551 920 2604 putea.

582 2766 696 2896 u

239 1476 271 1522 70
