2334 3917
263 384 326 447 180
386 378 819 447 P.0Vrn11NAsours

210 502 238 533 Μ
289 502 401 558 Latururn
409 501 495 549 misero
505 516 577 567 quem
588 502 648 550 mibi
660 503 727 551 rebar
738 517 822 566 opem.

256 578 362 627 Tantane
374 592 415 637 re,
431 576 521 637 fallax,
533 596 615 643 cepere
630 579 721 629 oblivia
731 579 825 628 nostrii

286 653 437 703 Affliuumne
448 656 495 704 suit
506 670 584 705 tantus
596 654 763 721 adirepuduri

253 726 289 779 Ut
301 747 377 797 neque
385 732 527 797 respiceres,
541 750 585 783 nec
597 734 698 783 solarere
709 736 826 799 jacentem
838 763 850 790 ‚

286 806 372 860 Dure?
387 824 431 857 nec
442 810 561 875 exsequias
571 811 736 875 prosequerere
752 811 837 859 meari

209 896 235 945 ις
254 882 320 933 Illud
329 888 442 935 amicitiae
451 888 556 936 sanetum
568 904 595 937 ac
604 888 738 937 venerabile
748 901 841 937 nomen

289 962 324 1011 Re
335 964 380 1011 tibi
394 980 439 1029 pto
450 963 493 1012 vili
509 964 550 1013 sub
564 963 710 1031 pedibusque
720 968 802 1031 iacet?

256 1037 322 1099 Quid
331 1039 394 1100 fuit,
407 1043 498 1107 ingenti
507 1042 650 1106 prostratum
660 1044 725 1093 mole
736 1041 844 1091 sodalem

290 1116 392 1177 Visere,
409 1122 434 1167 δι
451 1118 553 1185 alloquii
564 1134 629 1185 parte
640 1120 718 1171 levate
733 1123 785 1169 tui?

256 1192 331 1260 Inque
342 1212 410 1245 tneor
421 1198 500 1246 sinon
511 1197 642 1259 lacrymam
652 1196 773 1247 dimittere
785 1197 868 1251 casua,

208 1276 239 1309 ²0
287 1270 365 1324 Pauca
379 1287 458 1323 tamen
466 1272 522 1324 fiuo
530 1277 603 1325 verba
610 1273 693 1325 dolore
701 1278 788 1342 queri?

255 1342 350 1411 ldque,
370 1345 437 1412 quod
448 1350 525 1411 ignoti
537 1346 645 1407 faciunt,
660 1346 792 1398 valedicere
803 1344 904 1400 saltemt

288 1424 318 1472 Et
327 1440 414 1473 vocem
424 1425 508 1490 populi
515 1425 658 1491 publicaque
668 1442 711 1475 ora
721 1426 807 1491 sequil

256 1500 366 1567 Denique
379 1502 488 1567 lugubres
496 1502 575 1553 vultus
585 1538 595 1562 ,
605 1518 785 1569 numquamque
794 1496 913 1552 videndos

289 1577 392 1628 Cernere
401 1580 512 1645 supremo
524 1614 532 1641 ,
548 1578 607 1629 dum
617 1580 732 1646 licuitque
744 1614 753 1639 ,
768 1576 824 1630 diei
848 1613 853 1627 .

210 1670 238 1716 ²5
257 1650 440 1719 Dicendumque
450 1653 522 1703 semel
540 1669 593 1703 toto
604 1670 654 1703 nou
664 1654 766 1718 amplius
779 1667 831 1700 aevo

290 1732 421 1797 Accipere,
438 1734 463 1781 bc
477 1730 546 1796 parili
557 1729 655 1781 reddere
665 1746 743 1789 voce,
754 1728 815 1777 Vale
827 1728 837 1776 i

255 1808 288 1857 At
306 1808 382 1858 secere
394 1808 435 1859 alr'i
449 1809 518 1859 nullo
530 1810 590 1857 mihi
602 1807 691 1858 soedere
701 1808 774 1873 juniii
787 1822 796 1864 3

288 1886 320 1935 Et
329 1887 445 1950 lacrymas
457 1889 531 1936 animi
542 1890 609 1951 tigna
618 1884 703 1936 dedite
714 1887 759 1934 sui.

257 1962 321 2026 Quid
331 1967 339 2013 i
356 1968 401 2015 nisi
412 1967 521 2014 convislu
531 1968 654 2030 causisque
663 1961 796 2015 valentibus
805 1955 897 2021 essent,

211 2058 239 2101 3⁰
289 2042 414 2107 Temporis
426 2044 450 2089 bc
465 2041 532 2105 longi
543 2042 635 2091 uiuitur
644 2057 725 2090 amore
736 2034 780 2089 tibi
792 2041 801 2087 Ξ

257 2116 339 2178 Quid?
355 2120 401 2168 nisi
415 2134 452 2168 tot
465 2118 528 2167 lusut
541 2123 566 2169 bt
583 2134 621 2169 tot
635 2135 689 2169 mea
699 2112 863 2176 serianolres,

288 2194 339 2244 'l'ot
350 2192 443 2244 nosl'em
456 2195 519 2245 lusus
534 2198 640 2261 seriaque
650 2197 698 2261 ipse
714 2197 771 2244 rua?
810 2204 816 2216 “

190 2313 193 2321 .
255 2270 339 2333 Quidr
356 2275 376 2321 ti
394 2270 518 2325 dumtaxat
527 2275 610 2323 noma
621 2276 683 2323 mibi
693 2274 802 2339 cognitur
811 2268 889 2326 essee,

287 2348 395 2401 adscitus
417 2355 486 2402 toties
498 2356 523 2400 in
540 2367 615 2416 genus
631 2367 703 2401 omne
718 2351 785 2400 loci?

211 2454 235 2498 35
255 2426 378 2481 cunctane
394 2431 419 2477 in
435 2444 556 2497 aequoreos
573 2431 683 2477 abierunt
696 2432 763 2478 irrita
777 2426 883 2478 ventosi

286 2506 410 2557 Cunilane
428 2508 529 2557 Letbaeis
539 2508 617 2558 mersa
627 2507 734 2556 seruntur
745 2510 826 2572 aquis?

254 2584 312 2635 Nou
321 2601 365 2650 ego
377 2598 399 2635 te
410 2584 505 2650 placidi
516 2588 623 2650 genitum
632 2602 686 2635 teor
697 2588 754 2634 urbe
764 2584 859 2644 Quirini
871 2602 882 2643 ·,

286 2662 371 2722 Urbe,
388 2678 444 2711 meo
461 2679 514 2728 quae
528 2666 577 2728 jam
589 2679 639 2712 nnn
656 2660 764 2711 adeunda
777 2659 838 2727 pede
849 2662 903 2719 est3

254 2736 299 2788 Sed
309 2740 426 2805 scopulis,
437 2740 508 2789 Ponti
516 2756 575 2805 quos
586 2742 636 2789 bac
646 2740 717 2788 habet
724 2755 767 2789 ora
778 2738 882 2797 sinistti3

206 2841 237 2884 40
287 2817 362 2882 lnque
374 2816 428 2866 serit
442 2818 543 2880 Scythiae
554 2817 736 2881 Sarmaticisque
748 2819 818 2881 jugis.

254 2894 284 2942 Et
301 2908 341 2944 tua
354 2896 408 2943 sunt
418 2894 490 2943 silicis
498 2898 588 2943 circum
595 2892 725 2959 praecordia
731 2910 815 2952 venata

286 2972 317 3021 Et
335 2971 440 3037 rigidum
452 2971 507 3021 fetri
518 2974 607 3021 sentina
614 2975 694 3037 pestus
704 2971 803 3019 babent.

254 3051 360 3117 Quaque
377 3051 421 3100 t'ibi
438 3048 582 3117 quondam,
600 3065 682 3100 tenero
694 3046 803 3100 ducenda
810 3046 913 3115 palato,
