2334 3917
553 301 572 332 X

281 428 563 499 Frsroruu
585 423 686 494 ltu.
714 423 759 494 V.
818 448 884 513 ¹37

203 553 309 611 Omnia,
324 566 377 617 qua
388 547 500 599 dominos
512 548 566 595 sunt
577 545 687 595 habitura
696 561 782 597 novos.

171 630 264 699 Spargit
276 635 300 681 δι
313 632 362 695 ipse
374 630 428 677 suos
439 626 507 675 lauto
519 639 613 675 rorante
621 623 737 687 capillos;

202 708 234 757 Et
246 710 339 773 peragit
352 703 424 756 solitd
435 702 517 753 fallere
530 718 591 753 voce
600 717 689 766 preces.

170 787 247 836 Ablue
260 787 373 852 praeteriti
384 784 487 848 perjuria
499 782 628 845 temporis,
638 779 727 843 iuquit.

202 864 279 914 Ablue
287 860 406 929 ptaeterital
416 857 506 935 perlida
515 858 588 907 verba
600 854 648 906 die.

171 939 224 989 Sive
241 954 286 1002 ego
304 936 386 986 refeci
400 935 496 992 testem,
506 932 597 982 falsove
607 932 680 982 citavi

203 1016 262 1065 Non
273 1012 376 1064 audituri
388 1015 487 1063 numina
497 1028 584 1076 magna
594 1010 673 1067 Joris3

171 1093 225 1144 sive
235 1092 316 1141 Deum
324 1089 426 1156 prudens
438 1089 513 1139 alium
522 1088 641 1139 Divamve
652 1083 746 1139 fefelli,

203 1169 349 1221 Abstuleriut
366 1167 452 1217 celeret
467 1166 576 1230 improba
588 1162 730 1213 distaNoti.

91 1276 92 1281 =
169 1249 209 1298 -Et
220 1262 317 1313 pateant
328 1248 436 1296 veniente
447 1242 485 1293 die
495 1245 597 1308 perjuria
606 1242 676 1291 nobis
687 1257 697 1300 ς

203 1324 256 1374 Nec
268 1338 351 1373 curent
359 1324 456 1387 Superi,
468 1324 487 1370 si
498 1337 545 1387 qua
556 1320 650 1369 locutus
659 1336 709 1368 ero.

171 1400 210 1450 Da
220 1399 297 1450 tnodd
304 1401 369 1449 lucra
380 1402 456 1459 mihi,
467 1397 497 1449 da
508 1397 571 1447 fauo
581 1396 668 1463 gaudia
676 1397 763 1456 lucro,

205 1480 235 1528 Et
248 1478 299 1527 face
311 1493 337 1527 ut
347 1481 433 1527 emtori
444 1478 514 1527 verba
525 1474 616 1526 dedisse
627 1481 702 1540 juvet.

171 1556 242 1605 Talia
256 1556 388 1605 Mercurius
398 1557 535 1622 poscentem
547 1553 610 1605 ridet
620 1555 649 1604 ab
660 1555 710 1605 alto
721 1589 731 1616 ,

203 1636 232 1683 Se
246 1651 341 1683 memor
358 1634 469 1698 Ortygias
479 1630 613 1697 surripuisse
623 1633 704 1683 boves.

171 1712 215 1761 AT
225 1714 285 1761 mihi
298 1709 390 1776 pande,
402 1727 506 1776 precor,
521 1724 589 1759 tanto
599 1710 700 1761 meliora
708 1713 813 1774 petenti,
858 1768 860 1772 .

203 1788 231 1838 lu
244 1789 361 1839 Geminus
373 1804 400 1836 ex
412 1804 460 1853 quo
470 1804 577 1851 tempore
591 1788 694 1835 Phoebus
705 1801 752 1835 eat.

89 1914 90 1919 ,
172 1865 238 1917 Ctlm
249 1863 353 1915 totidem
364 1864 393 1914 de
409 1867 488 1914 mense
502 1863 552 1914 dies
564 1860 678 1927 supercffe
691 1862 801 1924 videbis,
902 1886 908 1908 t

89 1942 90 1949 ’
205 1943 273 2004 Quot
287 1946 341 1993 sunt
351 1942 462 1993 Herculei
474 1942 534 1992 faua
546 1943 653 1998 laboris,
667 1945 709 1992 ait.

89 2032 90 2037 ’
172 2020 237 2081 Dic,
251 2038 296 2087 ego
307 2019 419 2085 respondi
432 2056 440 2080 ,
451 2023 545 2070 causam
557 2023 617 2070 mihi
631 2019 714 2071 sideris
728 2024 808 2090 hujus.

205 2097 310 2148 Causam
322 2096 427 2147 facundo
437 2096 543 2163 prodidit
553 2116 595 2147 ore
603 2099 678 2148 Deus.

171 2176 321 2226 Abstulerant
336 2191 413 2240 raptat
426 2177 531 2226 Phoeben
542 2177 689 2245 Phoebtsque
701 2179 806 2227 sororem

204 2252 349 2317 Tyndarida
360 2254 459 2312 fratres,
471 2256 510 2303 hic
521 2271 609 2321 eques,
626 2255 668 2304 ille
678 2254 754 2321 pugil.

172 2330 237 2381 Bella
245 2346 348 2395 parant,
364 2346 519 2398 repetuntque
530 2333 581 2381 suas
593 2336 616 2381 δε
629 2332 701 2383 stater
712 2337 737 2383 δι
749 2330 818 2391 ldast

204 2409 326 2473 Leucippo
337 2407 388 2457 feti
396 2410 475 2474 pasius
487 2423 587 2475 uterque
599 2426 680 2477 gener.

173 2486 216 2537 llis
227 2503 309 2546 amor,
326 2501 352 2535 ut
363 2501 484 2552 repetant,
495 2486 562 2547 illis,
576 2504 603 2537 ut
613 2486 711 2537 reddere
721 2486 817 2549 nolint,

204 2562 338 2613 Suadere&
354 2580 383 2613 ex
394 2566 462 2614 causa
472 2579 562 2631 pugnat
572 2579 672 2630 uterque
684 2569 743 2629 pari.

172 2642 282 2708 Effugere
292 2639 407 2693 OEbalidae
417 2643 485 2692 cursu
494 2656 595 2708 potuere
606 2644 743 2708 sequentes,

204 2719 251 2769 Sed
264 2721 341 2770 visum
351 2719 422 2769 celeri
433 2721 527 2770 vincere
537 2735 604 2787 turpe
617 2719 685 2785 fugi.

89 2870 90 2877 ἵ
173 2798 241 2849 Liber
252 2799 282 2846 ab
290 2798 412 2847 arboribus
423 2797 490 2847 loeus
505 2798 551 2856 est,
565 2814 622 2864 apta
635 2813 688 2848 area
699 2810 802 2863 pugnae

204 2876 367 2927 Constiterant
377 2874 427 2927 illic
437 2894 443 2924 e
452 2892 542 2926 nomen
553 2874 662 2942 Aphidna
672 2875 738 2925 loco.

174 2954 268 3003 penora
284 2956 392 3018 trajeslut
406 2954 508 3016 Lyncaeo
522 2954 607 3005 Castor
618 2955 647 3003 ab
658 2954 728 3014 ense,
816 3006 820 3011 ,

205 3032 261 3081 Non
275 3033 407 3095 exspestato
417 3031 513 3086 vulnere
521 3035 720 3096 pressithumum.
882 3031 933 3093 πο

174 3104 245 3157 Ultor
255 3102 319 3158 adest
328 3104 436 3168 Pollux,
454 3108 479 3157 δι
494 3104 589 3172 Lyncea
602 3104 708 3174 perforat
722 3104 802 3169 hasil,
