2334 3917
266 393 526 463 Tnisriune
551 393 649 462 LG.
681 395 725 464 V.
793 403 855 483 265

147 507 233 577 Exiget
243 547 252 573 ‚
263 515 309 565 ah!
321 511 404 578 dignas
414 514 486 564 ultrix
497 515 644 566 Rhamnusia
658 529 753 580 poenaae
810 555 813 561 .

117 654 120 658 ι
182 592 300 658 Imposito
311 591 388 642 calcas
397 590 456 659 quid
468 609 522 641 mea
535 591 584 642 fata
594 589 670 658 pede?

149 668 207 718 Vidi
219 688 278 736 ego,
293 671 445 736 navifragum
456 676 497 738 qui
506 674 588 721 riserat
599 707 607 730 ‚
619 687 713 736 aequoee
726 672 816 736 mergi:

183 736 230 808 Ὲε,
241 747 380 817 Numquam
392 785 401 810 ,
418 749 483 805 dixi,
495 751 577 815 justior
590 747 653 797 unda
665 749 734 798 fuit..

149 826 215 875 Vilia
224 830 266 893 qui
276 826 400 893 quondam
412 829 501 878 miseris
513 827 627 876 alimenta
638 841 749 891 negarat,

183 904 253 954 Nunc
268 904 405 955 mendicato
417 908 518 971 pascitur
529 907 577 970 ipse
591 906 654 953 cibo.

151 981 257 1031 Passibua
265 985 383 1048 ambiguis
392 985 496 1033 fortuna
506 982 619 1033 volubilis
631 998 692 1032 errat
702 1015 710 1042 ,

183 1059 214 1108 Et
225 1076 306 1109 manet
316 1063 342 1109 in
352 1061 421 1110 nullo
432 1077 497 1111 certa
508 1074 623 1126 tenaxque
634 1059 700 1110 loco.

151 1133 198 1186 Sed
211 1135 288 1186 modi>
302 1137 356 1187 laeta
369 1138 452 1198 favet,
470 1138 550 1188 vultus
561 1135 637 1188 modu
649 1139 721 1186 sumit
732 1139 829 1188 acerbos
841 1153 849 1196 5

182 1214 215 1264 Et
230 1214 324 1266 tantum
335 1216 442 1266 constans
453 1219 478 1264 in
493 1213 589 1266 levitate
600 1215 640 1265 iul
652 1215 693 1265 est.

152 1292 204 1343 Nos
216 1310 314 1360 quoque
324 1292 448 1345 floruimus
458 1328 466 1353 ‚
478 1292 519 1342 sed
529 1292 573 1342 flos
584 1308 634 1344 erat
644 1294 685 1342 ille
697 1289 798 1344 caducus
808 1311 816 1354 3

185 1371 341 1438 Flammaque
350 1369 381 1426 de
390 1371 477 1436 stipula
485 1371 563 1420 nostra
573 1372 696 1438 brevisque
708 1371 763 1423 fuit.

152 1450 220 1503 Neve
234 1464 313 1500 tamen
321 1448 373 1500 total
384 1453 461 1515 capias
473 1450 522 1499 fera
532 1448 619 1514 gaudia
630 1464 727 1512 mente,

186 1528 245 1578 Non
255 1529 288 1578 eli
296 1527 407 1593 placandi
417 1530 467 1592 spes
477 1529 538 1578 mihi
548 1525 616 1577 nulla
626 1527 682 1578 Dei.

153 1606 200 1657 vei
212 1609 268 1672 quia
278 1608 373 1671 peccavi
385 1609 444 1655 citra
452 1606 541 1665 scelus;
553 1622 625 1672 utque
636 1603 727 1672 pudore

186 1684 244 1733 Non
258 1700 338 1744 caret,
349 1681 440 1734 invidial
450 1686 483 1732 sic
493 1700 546 1733 mea
557 1685 627 1748 culpa
635 1698 713 1734 earet:

153 1762 200 1813 Vel
214 1766 270 1828 quia
282 1762 317 1812 nil
330 1765 414 1827 ingens
424 1759 455 1810 ad
466 1759 539 1810 finem
551 1761 613 1810 Solis
623 1763 652 1811 ab
663 1777 735 1816 ortu,

162 1843 166 1856 ¹
186 1839 253 1900 1110,
270 1845 308 1889 cui
319 1855 405 1905 paret,
420 1841 503 1888 mitius
513 1840 576 1888 orbis
588 1840 669 1890 habet.

154 1919 252 1969 Scilicet
259 1933 286 1968 ut
295 1935 346 1969 non
356 1919 389 1968 est
398 1935 440 1983 per
449 1917 500 1968 vim
513 1919 650 1994 superabilis
661 1915 721 1980 ulli,

186 1998 266 2048 Molle
280 2015 322 2046 cor
333 1994 363 2045 ad
375 1994 470 2045 tiinidas
482 1999 515 2044 sic
525 1996 598 2046 habet
607 1996 649 2045 ille
659 2013 748 2062 preces.

153 2076 318 2140 Exemploque
328 2073 409 2124 Deuim
419 2108 427 2133 ‚
438 2073 524 2139 quibus
534 2072 665 2124 acceilurus
677 2079 701 2125 fic
712 2077 760 2141 ipse
771 2077 819 2138 est,

188 2152 255 2204 cum
262 2169 339 2218 poenae
349 2152 420 2203 venia
429 2151 497 2215 plura
510 2151 617 2217 roganda
626 2168 716 2218 petam.

155 2234 181 2283 si
197 2245 306 2281 numeres
317 2245 380 2278 anno
391 2227 457 2278 Soles
469 2232 493 2278 δι
507 2230 589 2278 nubila
600 2244 671 2292 toto,

188 2311 297 2361 Invenies
307 2304 413 2357 nitidum
423 2308 505 2370 sapius
516 2303 559 2355 lise
573 2306 648 2358 diem.

155 2388 237 2453 Ergo,
250 2403 279 2436 ne
290 2384 369 2434 nostrl
379 2383 482 2434 nimium
494 2384 571 2432 laetere
583 2385 666 2435 ruini:

187 2465 286 2514 Restitui
297 2460 420 2529 quondam
431 2479 470 2510 me
484 2478 580 2528 quoque
593 2460 659 2528 polle
669 2479 737 2530 puta.

155 2540 224 2592 Polie
240 2557 297 2607 puta
308 2539 374 2596 lieri,
390 2540 465 2589 lenito
477 2540 602 2605 Principe,
615 2542 695 2592 vultus

188 2621 224 2670 Ut
236 2618 316 2670 videas
328 2617 408 2668 medii
419 2617 488 2666 tristis
499 2618 524 2665 in
540 2617 606 2667 Urbe
620 2637 687 2670 meos
699 2639 705 2668 :
806 2617 808 2624 '

131 2706 135 2716 ’
155 2700 237 2766 thue
246 2714 292 2763 ego
300 2711 324 2746 tc
334 2695 429 2747 videam
441 2693 510 2744 causi
521 2699 630 2758 graviore
641 2698 759 2764 fugatum.

187 2780 246 2831 Hac
256 2777 312 2827 sunt
324 2778 429 2841 aprimis
440 2775 550 2840 proxima
558 2791 617 2829 vota
628 2777 697 2830 mihi.
