2334 3917
282 395 351 454 260
429 381 471 452 P.
504 385 659 452 Ovrurr
682 383 875 452 NAsortrs

279 508 363 555 Sensus
378 504 437 553 inest
446 506 520 569 igitur
533 503 641 564 nebulis,
658 519 718 572 quas
735 508 809 571 exigit
825 508 906 572 ignis:

309 582 449 632 Consilium
459 581 556 648 fugiunt
567 597 646 632 cetera
655 598 721 648 pane
733 600 824 632 meum.

277 659 390 710 Consilio
402 663 635 711 commonefactum
649 661 705 710 crim
719 660 761 710 fiat
771 666 797 712 in
807 678 847 711 ara

309 739 444 807 Fratribus,
455 738 547 789 alterna
560 743 604 805 qui
613 742 702 803 periere
714 755 805 798 manu,

230 823 256 874 ις
279 816 329 882 lpse
344 817 389 866 sibi
406 815 509 872 discors,
523 831 648 882 tamquam
660 815 787 866 mandetur
800 816 907 878 abillis,

309 891 431 944 Scinditur
440 897 466 942 in
477 908 556 959 partes
567 908 619 942 atta
630 893 714 943 favilla
725 891 793 944 diras.

277 971 349 1032 Hoc,
361 973 478 1029 memini,
494 969 618 1037 quondam
629 969 681 1020 fieri
691 985 740 1020 non
749 968 816 1036 polle
827 970 959 1036 loquebarr

310 1049 341 1098 Et
356 1064 395 1096 me
411 1045 532 1097 Battiades
542 1045 624 1114 judice
637 1047 710 1097 falsus
722 1063 780 1097 erat.
803 1066 805 1069 ·

278 1128 367 1176 Omnia
377 1143 441 1176 nunc
452 1123 544 1186 credo,
560 1125 616 1174 crim
628 1140 654 1174 tu
666 1142 716 1176 non
728 1127 811 1176 stultus
822 1129 852 1177 ab
864 1128 936 1179 Ateio

228 1212 261 1260 4²
290 1220 292 1225 ·
310 1207 388 1271 Terga
398 1201 596 1269 vapor'dederis,
612 1205 790 1270 Ausoniamque
802 1220 877 1270 petas.

278 1286 335 1335 liaec
344 1287 418 1349 igitur
426 1284 467 1332 lux
477 1282 526 1342 eil,
541 1299 595 1348 quae
610 1285 630 1330 si
641 1299 691 1332 non
702 1297 755 1332 orta
767 1280 866 1344 luillet,

309 1363 385 1413 Nulla
403 1361 449 1411 fuit
459 1363 547 1410 misero
558 1360 622 1409 festa
632 1359 736 1412 videnda
747 1353 826 1411 mihi(

278 1439 362 1491 Edidit
374 1443 424 1490 haec
435 1455 515 1489 mores
524 1438 574 1487 illis
585 1438 725 1489 heroidibus
735 1455 835 1507 aequos,

200 1581 203 1585 ¹
312 1517 372 1579 Quis
381 1532 431 1567 erat
444 1516 529 1566 Ee‘tiou
540 1516 677 1584 Icariusque
689 1533 765 1583 pater.

232 1608 259 1659 45
279 1597 343 1646 Nata
355 1593 473 1662 pudicitia
484 1595 535 1655 est,
550 1613 647 1657 mores,
659 1597 812 1662 probitasque
821 1593 942 1662 fidesques

311 1677 344 1725 At
358 1691 407 1725 non
418 1676 472 1724 sunt
482 1673 525 1723 isti
535 1667 623 1738 gaudia
635 1688 690 1723 nata
702 1672 750 1723 die.

280 1751 326 1805 Sed
336 1753 422 1812 labor,
434 1757 459 1802 bt
471 1767 532 1800 curre
544 1787 552 1808 ‚
565 1750 710 1818 fortunaque
722 1752 829 1801 moribus
840 1753 935 1818 impari

246 1886 250 1890 .
312 1829 422 1894 Justaque
437 1825 467 1876 rle
482 1825 557 1878 viduo
573 1843 639 1891 paeue
653 1826 749 1892 querela
760 1842 825 1876 toro.

280 1908 377 1956 Scilicet
386 1906 489 1956 adversis
500 1907 606 1970 probitas
618 1908 720 1954 exercita
732 1906 800 1954 rebus

221 2001 264 2046 ⁴l⁰
314 1983 385 2031 Tristi
402 1985 527 2031 materiam
541 1997 650 2046 tempore
662 1980 738 2031 laudis
754 1983 850 2032 heber.-

222 2045 227 2057 ’
281 2064 305 2111 si
315 2061 375 2110 nihil
385 2060 463 2110 infesti
471 2058 544 2108 durus
555 2055 651 2108 vidiss'et
664 2056 776 2120 Ulylles,

315 2137 433 2201 Penelope
445 2136 519 2195 felix,
533 2134 574 2185 sed
583 2139 633 2184 sine
644 2134 731 2196 laude,
745 2137 819 2186 foret.

281 2217 364 2268 Vilior
374 2204 500 2264 Echionias
512 2217 531 2262 si
549 2217 587 2263 vir
597 2214 738 2279 penetrrrffet
748 2220 847 2265 inatres
861 2250 870 2278 ‚

314 2294 423 2342 forsitan
433 2289 548 2343 Euadnen
556 2295 596 2342 vix
605 2294 646 2342 sua
656 2291 735 2344 nollet
742 2297 836 2343 humus.

237 2393 265 2445 55
286 2372 351 2425 Crim
364 2372 431 2421 Pelii
445 2384 482 2420 tot
494 2372 540 2418 sint
552 2372 651 2435 genite,
666 2388 708 2420 cur
717 2373 806 2421 nobilis
819 2387 866 2422 una
877 2371 926 2422 elli

315 2451 398 2515 Nupta
407 2449 455 2498 fuit
466 2451 553 2498 misero
563 2465 650 2513 nempe
661 2449 728 2515 quod
739 2466 784 2499 una
794 2454 858 2500 viro.

282 2527 373 2589 Effice,
388 2542 416 2578 ut
433 2527 516 2576 iliacas
527 2541 610 2591 tangat
622 2530 687 2590 prior
697 2525 757 2576 alter
772 2544 870 2587 arenam

315 2605 465 2664 Laodamia,
483 2604 545 2654 nihil
558 2637 566 2664 ‚
584 2619 626 2652 cur
637 2604 768 2665 referatur,
781 2607 835 2654 erit.

282 2684 314 2733 Et
331 2700 386 2744 tua,
403 2681 471 2749 quod
480 2681 579 2730 mallem
591 2717 598 2742 ,
612 2685 686 2746 pietas
697 2685 780 2747 ignota
792 2697 915 2744 maneret,

235 2770 267 2808 60
315 2757 454 2826 lmplellent
465 2762 532 2810 venti
540 2763 558 2808 si
567 2775 621 2808 mea
630 2760 684 2809 vela
695 2761 739 2808 sui.

283 2837 317 2888 Di
329 2853 409 2887 tamen
420 2869 428 2897 ,
443 2842 468 2886 bc
480 2836 561 2888 Cesar
572 2835 618 2886 Dis
629 2835 763 2899 accellure,
775 2835 817 2887 sed
827 2838 907 2900 olim,

314 2916 442 2982 AEquarint
452 2916 532 2978 Pylios
543 2915 599 2964 ctiru
612 2929 652 2965 tua
663 2916 713 2966 lata
724 2915 774 2965 dies
786 2933 794 2976 3

282 2994 343 3047 Non
353 2995 430 3055 mihi,
442 2996 485 3059 qui
500 3009 599 3058 poenam
617 2993 694 3044 fateor
706 2991 834 3052 meruilse,
848 2991 888 3042 sed
899 2995 939 3048 illi

318 3071 424 3128 Parcite,
439 3087 511 3138 qua,
526 3070 597 3124 nullo
611 3069 686 3139 digna
696 3069 801 3139 dolote,
819 3068 896 3124 dolet.
