2334 3917
290 389 360 449 216
424 379 467 448 P.
500 381 655 447 Ournrr
685 383 879 451 Nasonis

318 502 351 550 Et
364 517 427 552 rarat
442 500 531 560 dotet,
548 504 739 569 ingeniumque,
753 502 829 554 dedit.

238 586 250 619 ¹
257 590 267 636 5
286 579 339 629 Hoc
354 595 399 644 ego
417 577 543 645 Pegasidas
552 578 640 629 deduxi
651 585 741 646 primus
753 582 784 632 ad
794 581 889 646 undas,

316 657 355 707 Ne
373 657 435 708 mald
453 656 562 707 fecunde
572 675 632 708 vena
643 662 730 724 periret
740 677 814 728 aquae.

282 735 376 784 Primus
387 733 414 785 id
431 738 510 802 aspexi
521 740 607 786 teneris
618 740 643 786 in
652 740 750 804 virginis
762 743 828 789 annia
840 758 847 789 a

314 814 397 882 thue
407 831 487 881 pater,
502 831 568 865 vene
578 813 673 882 duxque
687 831 814 883 comesque
827 817 872 866 fui.

281 891 361 958 Ergo,
380 896 399 942 si
410 908 532 942 remanent
540 896 607 958 ignea
618 895 661 943 tibi
670 897 770 960 pedioris
780 894 866 955 idem,

233 976 264 1008 ²0
313 971 370 1021 Sola
381 986 449 1020 tuum
465 985 529 1020 vates
544 971 629 1020 Lesbia
642 975 722 1022 vincet
733 989 803 1037 opus.

279 1046 326 1098 Sed
343 1065 440 1108 vereor,
457 1064 525 1098 nete
538 1065 592 1098 mea
608 1065 672 1100 nunc
682 1051 787 1100 Fortuna
801 1049 924 1111 retardet;

310 1124 402 1190 Perque
411 1140 478 1172 meos
492 1125 558 1173 tasut
573 1127 604 1173 tit
615 1126 659 1173 tibi
669 1127 748 1190 pestus
765 1129 836 1176 inere.

276 1202 343 1252 Dum
359 1202 447 1262 licuit,
463 1217 504 1252 tua
514 1203 575 1267 saepe
589 1205 664 1262 milri,
683 1204 728 1252 eibi
742 1203 820 1252 nostra
830 1203 956 1270 legebam:

308 1282 374 1345 Saepe
392 1282 427 1329 tui
443 1278 529 1345 judex,
546 1282 605 1344 saepe
618 1280 727 1345 magister
739 1297 813 1330 eram.

228 1369 254 1416 25
274 1357 322 1406 Aut
335 1373 380 1423 ego
390 1359 524 1423 prabebam
535 1357 601 1406 fallis
616 1356 692 1407 model
703 1361 808 1409 versibut
823 1375 910 1422 aurea,

305 1436 354 1486 Aut
368 1437 409 1485 ubi
427 1433 543 1496 ceffaraa,
561 1436 631 1484 causa
640 1437 733 1486 ruboris
744 1453 818 1486 eram.

272 1513 380 1564 Forsitan
396 1513 507 1580 exemplo
518 1548 526 1574 ,
538 1515 594 1579 quia
605 1529 643 1562 me
656 1514 733 1564 laesere
744 1515 838 1576 libelli,

304 1593 342 1641 Tu
356 1609 452 1663 quoque
462 1596 492 1641 sis
499 1607 576 1656 perne
587 1592 636 1642 fata
645 1594 726 1644 secuta
735 1609 803 1642 mea.

270 1671 353 1732 Pone,
365 1672 453 1720 Perilla
465 1706 473 1731 ‚
489 1684 582 1720 metum
594 1688 600 1718 e
612 1669 782 1721 tantummodo
793 1671 883 1722 femina
895 1675 987 1725 nonsit

223 1765 253 1808 30
302 1748 396 1805 Devia‚
419 1765 463 1798 nec
476 1749 568 1812 scriptis
579 1744 654 1796 discat
666 1764 744 1796 amare
756 1752 811 1798 tuit.

206 1881 209 1887 ,
268 1827 332 1892 Ergo
344 1826 440 1877 desidia
449 1841 559 1886 remove,
576 1817 711 1875 dodlistima
719 1860 727 1886 ‚
740 1828 832 1877 causata

299 1906 374 1971 loque
388 1906 462 1953 bonae
476 1919 537 1954 artes
543 1907 572 1969 ⁸dt
584 1919 625 1954 tua
636 1906 700 1953 sacta
710 1902 769 1953 redi.

266 1981 311 2030 Illa
330 1980 415 2031 decens
428 1981 500 2030 facies
511 1980 589 2045 longia
605 1981 728 2030 vitiabitur
740 1983 821 2030 anniae

296 2060 413 2128 Rugaque
426 2062 451 2110 in
469 2060 567 2125 antiqua
581 2057 662 2108 fronte
673 2059 751 2108 senilis
762 2063 816 2108 erit.

217 2135 244 2181 ³5
263 2135 404 2202 lnjitietque
413 2152 512 2186 manum
522 2135 607 2186 formae
617 2134 731 2186 damnosa
742 2139 861 2200 senectus,

295 2214 354 2274 Qua
365 2214 488 2274 strepitum
499 2211 564 2279 pullu
575 2231 626 2264 non
635 2213 736 2264 faciente
745 2219 820 2266 venit.

261 2291 375 2359 Cumque
386 2292 473 2358 aliquis
482 2291 561 2351 dicet,
574 2293 630 2342 fuit
640 2295 691 2342 haec
702 2293 825 2354 formosae
840 2292 952 2347 dolebis':

292 2371 324 2423 Et
335 2371 457 2438 speculum
467 2367 570 2423 mendax
582 2367 629 2420 elle
639 2369 735 2437 querire
747 2386 825 2421 tuum.

259 2451 320 2499 Sunt
337 2451 381 2499 tibi
391 2465 448 2515 opes
460 2446 581 2508 modice,
600 2447 656 2499 etim
666 2451 697 2497 tia
708 2445 846 2513 dignissima
859 2455 962 2516 magnis.

209 2529 241 2574 40
290 2529 363 2594 Finge
377 2527 419 2577 sed
435 2529 557 2576 immensis
573 2527 681 2576 censibus
694 2522 740 2574 elle
753 2543 829 2592 pares.

258 2606 352 2672 Nempe
366 2605 408 2657 dat
426 2603 453 2654 id
464 2607 606 2670 cuicumque
616 2603 676 2652 libet
692 2603 803 2665 fortuna,
816 2607 938 2671 rapitque:

288 2685 339 2738 ltus
351 2689 377 2734 &
393 2684 426 2733 est
440 2681 535 2742 subitd,
552 2685 594 2748 qui
609 2678 685 2731 nrocld
696 2679 794 2730 Croesus
811 2697 869 2731 erat.

254 2761 353 2826 Singula
369 2759 429 2827 quid
442 2759 559 2809 referam?
579 2757 615 2808 nil
632 2775 682 2807 non
693 2757 794 2808 mortale
803 2773 925 2822 tenemus,

287 2839 390 2888 Pectoris
399 2841 502 2903 exceptis
516 2839 654 2903 ingeniique
664 2836 743 2886 bonlt.

206 2924 234 2969 45
254 2916 290 2966 En
302 2933 364 2982 epo,
382 2915 437 2966 culm
449 2915 525 2981 patrii
542 2931 655 2971 caream,
671 2916 788 2980 vobisque
805 2914 950 2982 domoqut3

285 2997 408 3062 Raptaque
420 2997 484 3055 tint,
500 2992 574 3047 adimi
586 3010 639 3062 quae
650 3007 765 3059 potuere,
782 2995 859 3052 mihi;

252 3072 352 3138 Ingenio
370 3087 451 3123 tamen
466 3073 515 3138 lpse
531 3088 587 3122 meo
603 3074 754 3140 comitorque
769 3071 898 3139 fruorque:

886 3149 970 3203 Caesar
