<?xml version="1.0" encoding="UTF-8"?>
<!DOCTYPE html PUBLIC "-//W3C//DTD XHTML 1.0 Transitional//EN"
    "http://www.w3.org/TR/xhtml1/DTD/xhtml1-transitional.dtd">
<html xmlns="http://www.w3.org/1999/xhtml" xml:lang="en" lang="en">
 <head>
  <title>
</title>
<meta http-equiv="Content-Type" content="text/html;charset=utf-8" />
  <meta name='ocr-system' content='tesseract 3.04.00' />
  <meta name='ocr-capabilities' content='ocr_page ocr_carea ocr_par ocr_line ocrx_word'/>
</head>
<body>
  <div class='ocr_page' id='page_1' title='image "./povidiinasoniso05ovidgoog_0258.png"; bbox 0 0 2334 3917; ppageno 0'>
   <div class='ocr_carea' id='block_1_1' title="bbox 265 406 856 493">
    <p class='ocr_par' dir='ltr' id='par_1_1' title="bbox 265 406 856 493">
     <span class='ocr_line' id='line_1_1' title="bbox 265 406 856 493; baseline 0.02 -21"><span class='ocrx_word' id='word_1_1' title='bbox 265 409 331 493; x_wconf 84' lang='lat'>248</span> <span class='ocrx_word' id='word_1_2' title='bbox 406 406 450 475; x_wconf 93' lang='lat' dir='ltr'>P.</span> <span class='ocrx_word' id='word_1_3' title='bbox 484 409 641 478; x_wconf 74' lang='lat' dir='ltr'>Ovrnrr</span> <span class='ocrx_word' id='word_1_4' title='bbox 660 415 856 484; x_wconf 78' lang='lat' dir='ltr'>NAsonrs</span> 
     </span>
    </p>
   </div>
   <div class='ocr_carea' id='block_1_2' title="bbox 172 525 993 3188">
    <p class='ocr_par' dir='ltr' id='par_1_2' title="bbox 172 525 871 914">
     <span class='ocr_line' id='line_1_2' title="bbox 172 525 808 599; baseline 0.025 -30"><span class='ocrx_word' id='word_1_5' title='bbox 172 531 178 556; x_wconf 69' lang='lat'>⁸</span> <span class='ocrx_word' id='word_1_6' title='bbox 216 529 246 576; x_wconf 84' lang='lat'>50</span> <span class='ocrx_word' id='word_1_7' title='bbox 296 526 361 574; x_wconf 89' lang='lat' dir='ltr'>Dum</span> <span class='ocrx_word' id='word_1_8' title='bbox 373 525 430 576; x_wconf 85' lang='lat' dir='ltr'>ferit</span> <span class='ocrx_word' id='word_1_9' title='bbox 439 528 545 591; x_wconf 68' lang='lat' dir='ltr'>Ausonia</span> <span class='ocrx_word' id='word_1_10' title='bbox 554 535 661 582; x_wconf 85' lang='lat' dir='ltr'>carmina</span> <span class='ocrx_word' id='word_1_11' title='bbox 671 535 735 585; x_wconf 90' lang='lat' dir='ltr'>culta</span> <span class='ocrx_word' id='word_1_12' title='bbox 748 536 808 599; x_wconf 72' lang='lat' dir='ltr'>lyra.</span> 
     </span>
     <span class='ocr_line' id='line_1_3' title="bbox 264 602 822 666; baseline 0.025 -14"><span class='ocrx_word' id='word_1_13' title='bbox 264 602 392 666; x_wconf 82' lang='lat' dir='ltr'>i&#39;irgilium</span> <span class='ocrx_word' id='word_1_14' title='bbox 401 603 454 656; x_wconf 83' lang='lat' dir='ltr'>vidi</span> <span class='ocrx_word' id='word_1_15' title='bbox 466 608 559 658; x_wconf 75' lang='lat' dir='ltr'>tantuna</span> <span class='ocrx_word' id='word_1_16' title='bbox 568 628 574 658; x_wconf 76' lang='lat' dir='ltr'>r</span> <span class='ocrx_word' id='word_1_17' title='bbox 584 626 628 661; x_wconf 89' lang='lat' dir='ltr'>nec</span> <span class='ocrx_word' id='word_1_18' title='bbox 640 628 709 663; x_wconf 83' lang='lat' dir='ltr'>avara</span> <span class='ocrx_word' id='word_1_19' title='bbox 720 615 822 665; x_wconf 87' lang='lat' dir='ltr'>Tibullo</span> 
     </span>
     <span class='ocr_line' id='line_1_4' title="bbox 296 682 756 746; baseline 0.026 -18"><span class='ocrx_word' id='word_1_20' title='bbox 296 682 402 746; x_wconf 81' lang='lat' dir='ltr'>Tempus</span> <span class='ocrx_word' id='word_1_21' title='bbox 413 686 527 735; x_wconf 86' lang='lat' dir='ltr'>amicitiae</span> <span class='ocrx_word' id='word_1_22' title='bbox 537 687 585 738; x_wconf 84' lang='lat' dir='ltr'>fata</span> <span class='ocrx_word' id='word_1_23' title='bbox 596 687 681 739; x_wconf 68' lang='lat' dir='ltr'>dedere</span> <span class='ocrx_word' id='word_1_24' title='bbox 689 709 756 742; x_wconf 73' lang='lat' dir='ltr'>men.</span> 
     </span>
     <span class='ocr_line' id='line_1_5' title="bbox 263 757 871 840; baseline 0.021 -32"><span class='ocrx_word' id='word_1_25' title='bbox 263 757 386 809; x_wconf 80' lang='lat' dir='ltr'>Succellor</span> <span class='ocrx_word' id='word_1_26' title='bbox 395 761 443 812; x_wconf 84' lang='lat' dir='ltr'>fuit</span> <span class='ocrx_word' id='word_1_27' title='bbox 451 764 491 812; x_wconf 88' lang='lat' dir='ltr'>hic</span> <span class='ocrx_word' id='word_1_28' title='bbox 502 766 563 827; x_wconf 86' lang='lat' dir='ltr'>tibi,</span> <span class='ocrx_word' id='word_1_29' title='bbox 575 767 663 827; x_wconf 79' lang='lat' dir='ltr'>Galle3</span> <span class='ocrx_word' id='word_1_30' title='bbox 677 771 812 840; x_wconf 82' lang='lat' dir='ltr'>Propertius</span> <span class='ocrx_word' id='word_1_31' title='bbox 822 770 871 822; x_wconf 83' lang='lat' dir='ltr'>illi.</span> 
     </span>
     <span class='ocr_line' id='line_1_6' title="bbox 296 837 799 914; baseline 0.026 -28"><span class='ocrx_word' id='word_1_32' title='bbox 296 837 401 898; x_wconf 80' lang='lat' dir='ltr'>Quartus</span> <span class='ocrx_word' id='word_1_33' title='bbox 412 842 442 890; x_wconf 90' lang='lat' dir='ltr'>ab</span> <span class='ocrx_word' id='word_1_34' title='bbox 452 843 489 891; x_wconf 86' lang='lat' dir='ltr'>bis</span> <span class='ocrx_word' id='word_1_35' title='bbox 499 845 558 893; x_wconf 85' lang='lat' dir='ltr'>serie</span> <span class='ocrx_word' id='word_1_36' title='bbox 570 850 685 912; x_wconf 86' lang='lat' dir='ltr'>temporis</span> <span class='ocrx_word' id='word_1_37' title='bbox 695 852 745 914; x_wconf 84' lang='lat' dir='ltr'>ipse</span> <span class='ocrx_word' id='word_1_38' title='bbox 755 849 799 899; x_wconf 84' lang='lat' dir='ltr'>fui.</span> 
     </span>
    </p>

    <p class='ocr_par' dir='ltr' id='par_1_3' title="bbox 217 915 872 1150">
     <span class='ocr_line' id='line_1_7' title="bbox 217 915 872 987; baseline 0.026 -27"><span class='ocrx_word' id='word_1_39' title='bbox 217 915 244 965; x_wconf 78' lang='lat'>55</span> <span class='ocrx_word' id='word_1_40' title='bbox 265 915 347 981; x_wconf 89' lang='lat' dir='ltr'>thue</span> <span class='ocrx_word' id='word_1_41' title='bbox 359 934 405 982; x_wconf 86' lang='lat' dir='ltr'>ego</span> <span class='ocrx_word' id='word_1_42' title='bbox 416 924 533 987; x_wconf 88' lang='lat' dir='ltr'>majores,</span> <span class='ocrx_word' id='word_1_43' title='bbox 547 926 580 972; x_wconf 86' lang='lat' dir='ltr'>sic</span> <span class='ocrx_word' id='word_1_44' title='bbox 592 941 631 973; x_wconf 91' lang='lat' dir='ltr'>me</span> <span class='ocrx_word' id='word_1_45' title='bbox 642 926 738 976; x_wconf 88' lang='lat' dir='ltr'>coluere</span> <span class='ocrx_word' id='word_1_46' title='bbox 752 931 872 977; x_wconf 84' lang='lat' dir='ltr'>minores:</span> 
     </span>
     <span class='ocr_line' id='line_1_8' title="bbox 297 995 842 1064; baseline 0.022 -20"><span class='ocrx_word' id='word_1_47' title='bbox 297 995 411 1064; x_wconf 87' lang='lat' dir='ltr'>Notaque</span> <span class='ocrx_word' id='word_1_48' title='bbox 422 1016 472 1050; x_wconf 90' lang='lat' dir='ltr'>non</span> <span class='ocrx_word' id='word_1_49' title='bbox 484 1000 551 1051; x_wconf 73' lang='lat' dir='ltr'>tarde</span> <span class='ocrx_word' id='word_1_50' title='bbox 563 1003 624 1054; x_wconf 72' lang='lat' dir='ltr'>fasta</span> <span class='ocrx_word' id='word_1_51' title='bbox 634 1006 722 1056; x_wconf 85' lang='lat' dir='ltr'>Thalia</span> <span class='ocrx_word' id='word_1_52' title='bbox 732 1025 785 1059; x_wconf 85' lang='lat' dir='ltr'>mea</span> <span class='ocrx_word' id='word_1_53' title='bbox 800 1008 842 1056; x_wconf 85' lang='lat' dir='ltr'>est.</span> 
     </span>
     <span class='ocr_line' id='line_1_9' title="bbox 265 1071 870 1150; baseline 0.017 -27"><span class='ocrx_word' id='word_1_54' title='bbox 265 1071 381 1123; x_wconf 85' lang='lat' dir='ltr'>Carmina</span> <span class='ocrx_word' id='word_1_55' title='bbox 391 1074 447 1126; x_wconf 83' lang='lat' dir='ltr'>crim</span> <span class='ocrx_word' id='word_1_56' title='bbox 457 1077 563 1142; x_wconf 85' lang='lat' dir='ltr'>primdm</span> <span class='ocrx_word' id='word_1_57' title='bbox 574 1082 666 1146; x_wconf 90' lang='lat' dir='ltr'>populo</span> <span class='ocrx_word' id='word_1_58' title='bbox 679 1084 794 1148; x_wconf 78' lang='lat' dir='ltr'>juvenilia</span> <span class='ocrx_word' id='word_1_59' title='bbox 804 1084 870 1150; x_wconf 89' lang='lat' dir='ltr'>legi,</span> 
     </span>
    </p>

    <p class='ocr_par' dir='ltr' id='par_1_4' title="bbox 218 1151 993 3188">
     <span class='ocr_line' id='line_1_10' title="bbox 297 1151 808 1213; baseline 0.025 -14"><span class='ocrx_word' id='word_1_60' title='bbox 297 1151 373 1204; x_wconf 81' lang='lat' dir='ltr'>Barba</span> <span class='ocrx_word' id='word_1_61' title='bbox 388 1156 474 1206; x_wconf 62' lang='lat' dir='ltr'>reseda</span> <span class='ocrx_word' id='word_1_62' title='bbox 487 1160 548 1208; x_wconf 90' lang='lat' dir='ltr'>mihi</span> <span class='ocrx_word' id='word_1_63' title='bbox 560 1160 625 1212; x_wconf 84' lang='lat' dir='ltr'>bisve</span> <span class='ocrx_word' id='word_1_64' title='bbox 636 1162 738 1213; x_wconf 81' lang='lat' dir='ltr'>semelve</span> <span class='ocrx_word' id='word_1_65' title='bbox 753 1162 808 1212; x_wconf 83' lang='lat' dir='ltr'>fuit.</span> 
     </span>
     <span class='ocr_line' id='line_1_11' title="bbox 265 1231 885 1305; baseline 0.018 -27"><span class='ocrx_word' id='word_1_66' title='bbox 265 1231 378 1282; x_wconf 82' lang='lat' dir='ltr'>Moverat</span> <span class='ocrx_word' id='word_1_67' title='bbox 388 1235 527 1300; x_wconf 82' lang='lat' dir='ltr'>ingenium,</span> <span class='ocrx_word' id='word_1_68' title='bbox 539 1252 616 1288; x_wconf 89' lang='lat' dir='ltr'>totam</span> <span class='ocrx_word' id='word_1_69' title='bbox 628 1254 723 1289; x_wconf 88' lang='lat' dir='ltr'>cantata</span> <span class='ocrx_word' id='word_1_70' title='bbox 733 1257 774 1305; x_wconf 90' lang='lat' dir='ltr'>per</span> <span class='ocrx_word' id='word_1_71' title='bbox 784 1240 885 1302; x_wconf 87' lang='lat' dir='ltr'>urbem,</span> 
     </span>
     <span class='ocr_line' id='line_1_12' title="bbox 218 1307 807 1371; baseline 0.024 -17"><span class='ocrx_word' id='word_1_72' title='bbox 218 1307 249 1346; x_wconf 80' lang='lat'>‘0</span> <span class='ocrx_word' id='word_1_73' title='bbox 299 1307 405 1359; x_wconf 87' lang='lat' dir='ltr'>Nomine</span> <span class='ocrx_word' id='word_1_74' title='bbox 410 1327 466 1371; x_wconf 25' lang='lat' dir='ltr'>*non</span> <span class='ocrx_word' id='word_1_75' title='bbox 476 1331 534 1363; x_wconf 86' lang='lat' dir='ltr'>vero</span> <span class='ocrx_word' id='word_1_76' title='bbox 544 1313 607 1368; x_wconf 74' lang='lat' dir='ltr'>dieta</span> <span class='ocrx_word' id='word_1_77' title='bbox 618 1316 727 1369; x_wconf 84' lang='lat' dir='ltr'>Corinna</span> <span class='ocrx_word' id='word_1_78' title='bbox 737 1320 807 1368; x_wconf 88' lang='lat' dir='ltr'>mihi.</span> 
     </span>
     <span class='ocr_line' id='line_1_13' title="bbox 266 1379 889 1462; baseline 0.022 -28"><span class='ocrx_word' id='word_1_79' title='bbox 266 1385 347 1434; x_wconf 88' lang='lat' dir='ltr'>Multa</span> <span class='ocrx_word' id='word_1_80' title='bbox 357 1379 456 1452; x_wconf 88' lang='lat' dir='ltr'>quidem</span> <span class='ocrx_word' id='word_1_81' title='bbox 468 1392 565 1457; x_wconf 82' lang='lat' dir='ltr'>scripsi3</span> <span class='ocrx_word' id='word_1_82' title='bbox 575 1392 617 1444; x_wconf 87' lang='lat' dir='ltr'>sed</span> <span class='ocrx_word' id='word_1_83' title='bbox 628 1412 681 1461; x_wconf 73' lang='lat' dir='ltr'>que</span> <span class='ocrx_word' id='word_1_84' title='bbox 691 1397 777 1448; x_wconf 85' lang='lat' dir='ltr'>vitiosa</span> <span class='ocrx_word' id='word_1_85' title='bbox 787 1397 870 1462; x_wconf 86' lang='lat' dir='ltr'>putavi</span> <span class='ocrx_word' id='word_1_86' title='bbox 879 1432 889 1460; x_wconf 91' lang='lat'>‚</span> 
     </span>
     <span class='ocr_line' id='line_1_14' title="bbox 300 1462 709 1537; baseline 0.034 -27"><span class='ocrx_word' id='word_1_87' title='bbox 300 1462 467 1516; x_wconf 89' lang='lat' dir='ltr'>Emendaturis</span> <span class='ocrx_word' id='word_1_88' title='bbox 477 1471 572 1533; x_wconf 79' lang='lat' dir='ltr'>ignibus</span> <span class='ocrx_word' id='word_1_89' title='bbox 582 1472 709 1537; x_wconf 76' lang='lat' dir='ltr'>ipsededi.</span> 
     </span>
     <span class='ocr_line' id='line_1_15' title="bbox 267 1541 989 1620; baseline 0.026 -32"><span class='ocrx_word' id='word_1_90' title='bbox 267 1541 446 1610; x_wconf 88' lang='lat' dir='ltr'>Tumquoque,</span> <span class='ocrx_word' id='word_1_91' title='bbox 454 1545 510 1596; x_wconf 81' lang='lat' dir='ltr'>crim</span> <span class='ocrx_word' id='word_1_92' title='bbox 518 1548 636 1615; x_wconf 88' lang='lat' dir='ltr'>fugerem,</span> <span class='ocrx_word' id='word_1_93' title='bbox 645 1552 989 1620; x_wconf 75' lang='lat' dir='ltr'>quadamplacituracremavi</span> 
     </span>
     <span class='ocr_line' id='line_1_16' title="bbox 220 1611 752 1697; baseline 0.032 -32"><span class='ocrx_word' id='word_1_94' title='bbox 220 1611 226 1667; x_wconf 66' lang='lat'>,⁷</span> <span class='ocrx_word' id='word_1_95' title='bbox 300 1619 375 1669; x_wconf 85' lang='lat' dir='ltr'>iratus</span> <span class='ocrx_word' id='word_1_96' title='bbox 386 1620 464 1673; x_wconf 87' lang='lat' dir='ltr'>studio</span> <span class='ocrx_word' id='word_1_97' title='bbox 477 1629 672 1697; x_wconf 73' lang='lat' dir='ltr'>carminibusque</span> <span class='ocrx_word' id='word_1_98' title='bbox 681 1634 752 1682; x_wconf 87' lang='lat' dir='ltr'>meis.</span> 
     </span>
     <span class='ocr_line' id='line_1_17' title="bbox 220 1698 829 1774; baseline 0.023 -27"><span class='ocrx_word' id='word_1_99' title='bbox 220 1699 248 1752; x_wconf 76' lang='lat'>‘5</span> <span class='ocrx_word' id='word_1_100' title='bbox 268 1698 361 1761; x_wconf 87' lang='lat' dir='ltr'>Molle,</span> <span class='ocrx_word' id='word_1_101' title='bbox 374 1698 517 1767; x_wconf 77' lang='lat' dir='ltr'>Cupidineis</span> <span class='ocrx_word' id='word_1_102' title='bbox 526 1723 570 1756; x_wconf 87' lang='lat' dir='ltr'>nec</span> <span class='ocrx_word' id='word_1_103' title='bbox 580 1709 764 1774; x_wconf 83' lang='lat' dir='ltr'>inexpugnabile</span> <span class='ocrx_word' id='word_1_104' title='bbox 776 1710 829 1760; x_wconf 90' lang='lat' dir='ltr'>telis</span> 
     </span>
     <span class='ocr_line' id='line_1_18' title="bbox 300 1775 928 1851; baseline 0.024 -26"><span class='ocrx_word' id='word_1_105' title='bbox 300 1775 353 1827; x_wconf 90' lang='lat' dir='ltr'>Cor</span> <span class='ocrx_word' id='word_1_106' title='bbox 368 1781 446 1842; x_wconf 89' lang='lat' dir='ltr'>mihi,</span> <span class='ocrx_word' id='word_1_107' title='bbox 457 1782 571 1850; x_wconf 83' lang='lat' dir='ltr'>quodque</span> <span class='ocrx_word' id='word_1_108' title='bbox 581 1785 641 1838; x_wconf 85' lang='lat' dir='ltr'>levia</span> <span class='ocrx_word' id='word_1_109' title='bbox 652 1790 721 1838; x_wconf 86' lang='lat' dir='ltr'>eausa</span> <span class='ocrx_word' id='word_1_110' title='bbox 732 1805 855 1851; x_wconf 82' lang='lat' dir='ltr'>moveret,</span> <span class='ocrx_word' id='word_1_111' title='bbox 869 1805 928 1842; x_wconf 85' lang='lat' dir='ltr'>erat.</span> 
     </span>
     <span class='ocr_line' id='line_1_19' title="bbox 268 1854 988 1936; baseline 0.021 -32"><span class='ocrx_word' id='word_1_112' title='bbox 268 1854 335 1905; x_wconf 78' lang='lat' dir='ltr'>cnm</span> <span class='ocrx_word' id='word_1_113' title='bbox 344 1871 424 1908; x_wconf 88' lang='lat' dir='ltr'>tamen</span> <span class='ocrx_word' id='word_1_114' title='bbox 435 1863 482 1910; x_wconf 89' lang='lat' dir='ltr'>hoc</span> <span class='ocrx_word' id='word_1_115' title='bbox 492 1861 582 1926; x_wconf 81' lang='lat' dir='ltr'>ellem,</span> <span class='ocrx_word' id='word_1_116' title='bbox 598 1869 749 1932; x_wconf 89' lang='lat' dir='ltr'>minimoque</span> <span class='ocrx_word' id='word_1_117' title='bbox 763 1867 904 1919; x_wconf 85' lang='lat' dir='ltr'>accenderer</span> <span class='ocrx_word' id='word_1_118' title='bbox 919 1871 988 1936; x_wconf 86' lang='lat' dir='ltr'>igni,</span> 
     </span>
     <span class='ocr_line' id='line_1_20' title="bbox 301 1934 788 1996; baseline 0.029 -14"><span class='ocrx_word' id='word_1_119' title='bbox 301 1934 410 1986; x_wconf 86' lang='lat' dir='ltr'>Nomine</span> <span class='ocrx_word' id='word_1_120' title='bbox 421 1940 463 1987; x_wconf 92' lang='lat' dir='ltr'>sub</span> <span class='ocrx_word' id='word_1_121' title='bbox 474 1942 554 1992; x_wconf 85' lang='lat' dir='ltr'>nostro</span> <span class='ocrx_word' id='word_1_122' title='bbox 565 1943 647 1994; x_wconf 83' lang='lat' dir='ltr'>fabula</span> <span class='ocrx_word' id='word_1_123' title='bbox 654 1945 722 1996; x_wconf 87' lang='lat' dir='ltr'>nulla</span> <span class='ocrx_word' id='word_1_124' title='bbox 732 1945 788 1996; x_wconf 82' lang='lat' dir='ltr'>fuit.</span> 
     </span>
     <span class='ocr_line' id='line_1_21' title="bbox 269 2009 893 2087; baseline 0.024 -26"><span class='ocrx_word' id='word_1_125' title='bbox 269 2013 338 2066; x_wconf 77' lang='lat' dir='ltr'>Pane</span> <span class='ocrx_word' id='word_1_126' title='bbox 352 2017 412 2065; x_wconf 92' lang='lat' dir='ltr'>mihi</span> <span class='ocrx_word' id='word_1_127' title='bbox 423 2035 514 2084; x_wconf 87' lang='lat' dir='ltr'>puero,</span> <span class='ocrx_word' id='word_1_128' title='bbox 526 2037 570 2071; x_wconf 90' lang='lat' dir='ltr'>nec</span> <span class='ocrx_word' id='word_1_129' title='bbox 581 2009 671 2086; x_wconf 83' lang='lat' dir='ltr'>digna,</span> <span class='ocrx_word' id='word_1_130' title='bbox 683 2040 727 2074; x_wconf 87' lang='lat' dir='ltr'>nec</span> <span class='ocrx_word' id='word_1_131' title='bbox 737 2025 802 2075; x_wconf 87' lang='lat' dir='ltr'>utilis</span> <span class='ocrx_word' id='word_1_132' title='bbox 812 2061 820 2087; x_wconf 93' lang='lat'>‚</span> <span class='ocrx_word' id='word_1_133' title='bbox 832 2043 893 2076; x_wconf 89' lang='lat' dir='ltr'>uxor</span> 
     </span>
     <span class='ocr_line' id='line_1_22' title="bbox 220 2097 856 2169; baseline 0.016 -26"><span class='ocrx_word' id='word_1_134' title='bbox 220 2102 253 2143; x_wconf 68' lang='grc' dir='ltr'>7ο</span> <span class='ocrx_word' id='word_1_135' title='bbox 301 2099 341 2148; x_wconf 85' lang='lat' dir='ltr'>Est</span> <span class='ocrx_word' id='word_1_136' title='bbox 352 2097 407 2148; x_wconf 88' lang='lat' dir='ltr'>data</span> <span class='ocrx_word' id='word_1_137' title='bbox 415 2117 421 2146; x_wconf 78' lang='lat' dir='ltr'>r</span> <span class='ocrx_word' id='word_1_138' title='bbox 430 2115 484 2164; x_wconf 80' lang='lat' dir='ltr'>quae</span> <span class='ocrx_word' id='word_1_139' title='bbox 495 2112 588 2165; x_wconf 87' lang='lat' dir='ltr'>tempus</span> <span class='ocrx_word' id='word_1_140' title='bbox 596 2102 708 2165; x_wconf 82' lang='lat' dir='ltr'>perbreve</span> <span class='ocrx_word' id='word_1_141' title='bbox 715 2098 792 2169; x_wconf 89' lang='lat' dir='ltr'>nupta</span> <span class='ocrx_word' id='word_1_142' title='bbox 800 2104 856 2154; x_wconf 86' lang='lat' dir='ltr'>fuit.</span> 
     </span>
     <span class='ocr_line' id='line_1_23' title="bbox 269 2177 877 2249; baseline 0.01 -22"><span class='ocrx_word' id='word_1_143' title='bbox 269 2177 309 2227; x_wconf 91' lang='lat' dir='ltr'>Illi</span> <span class='ocrx_word' id='word_1_144' title='bbox 321 2179 447 2237; x_wconf 85' lang='lat' dir='ltr'>successit,</span> <span class='ocrx_word' id='word_1_145' title='bbox 458 2180 567 2243; x_wconf 84' lang='lat' dir='ltr'>quamvis</span> <span class='ocrx_word' id='word_1_146' title='bbox 578 2181 629 2228; x_wconf 89' lang='lat' dir='ltr'>sine</span> <span class='ocrx_word' id='word_1_147' title='bbox 641 2183 742 2231; x_wconf 89' lang='lat' dir='ltr'>crimine</span> <span class='ocrx_word' id='word_1_148' title='bbox 752 2217 760 2242; x_wconf 88' lang='lat'><strong><em>‚</em></strong></span> <span class='ocrx_word' id='word_1_149' title='bbox 772 2187 877 2249; x_wconf 75' lang='lat' dir='ltr'>conjux,</span> 
     </span>
     <span class='ocr_line' id='line_1_24' title="bbox 302 2255 824 2311; baseline 0.013 -7"><span class='ocrx_word' id='word_1_150' title='bbox 302 2255 360 2305; x_wconf 92' lang='lat' dir='ltr'>Non</span> <span class='ocrx_word' id='word_1_151' title='bbox 371 2270 449 2304; x_wconf 91' lang='lat' dir='ltr'>tamen</span> <span class='ocrx_word' id='word_1_152' title='bbox 461 2255 577 2305; x_wconf 84' lang='lat' dir='ltr'>innostro</span> <span class='ocrx_word' id='word_1_153' title='bbox 589 2257 658 2309; x_wconf 85' lang='lat' dir='ltr'>firma</span> <span class='ocrx_word' id='word_1_154' title='bbox 669 2259 748 2310; x_wconf 85' lang='lat' dir='ltr'>futura</span> <span class='ocrx_word' id='word_1_155' title='bbox 760 2275 824 2311; x_wconf 72' lang='lat' dir='ltr'>toro·</span> 
     </span>
     <span class='ocr_line' id='line_1_25' title="bbox 269 2335 901 2405; baseline 0.016 -22"><span class='ocrx_word' id='word_1_156' title='bbox 269 2335 380 2396; x_wconf 89' lang='lat' dir='ltr'>Ultima,</span> <span class='ocrx_word' id='word_1_157' title='bbox 392 2350 445 2401; x_wconf 77' lang='lat' dir='ltr'>quae</span> <span class='ocrx_word' id='word_1_158' title='bbox 456 2351 551 2384; x_wconf 87' lang='lat' dir='ltr'>meeum</span> <span class='ocrx_word' id='word_1_159' title='bbox 563 2336 626 2386; x_wconf 87' lang='lat' dir='ltr'>seros</span> <span class='ocrx_word' id='word_1_160' title='bbox 634 2343 764 2402; x_wconf 81' lang='lat' dir='ltr'>permansit</span> <span class='ocrx_word' id='word_1_161' title='bbox 773 2343 800 2390; x_wconf 90' lang='lat' dir='ltr'>in</span> <span class='ocrx_word' id='word_1_162' title='bbox 810 2357 884 2392; x_wconf 88' lang='lat' dir='ltr'>annos</span> <span class='ocrx_word' id='word_1_163' title='bbox 891 2375 901 2405; x_wconf 85' lang='lat'><strong>,</strong></span> 
     </span>
     <span class='ocr_line' id='line_1_26' title="bbox 302 2414 767 2488; baseline 0.013 -26"><span class='ocrx_word' id='word_1_164' title='bbox 302 2414 416 2464; x_wconf 88' lang='lat' dir='ltr'>Sustinuit</span> <span class='ocrx_word' id='word_1_165' title='bbox 426 2417 514 2479; x_wconf 78' lang='lat' dir='ltr'>conjux</span> <span class='ocrx_word' id='word_1_166' title='bbox 524 2414 609 2464; x_wconf 87' lang='lat' dir='ltr'>exsulis</span> <span class='ocrx_word' id='word_1_167' title='bbox 620 2414 666 2466; x_wconf 78' lang='lat' dir='ltr'>else</span> <span class='ocrx_word' id='word_1_168' title='bbox 676 2421 735 2467; x_wconf 67' lang='lat' dir='ltr'>viri:</span> <span class='ocrx_word' id='word_1_169' title='bbox 751 2484 752 2488; x_wconf 10' lang='grc' dir='ltr'><strong>Ἰ</strong></span> <span class='ocrx_word' id='word_1_170' title='bbox 764 2477 767 2482; x_wconf 43' lang='grc'><em>,</em></span> 
     </span>
     <span class='ocr_line' id='line_1_27' title="bbox 219 2492 808 2563; baseline 0.015 -23"><span class='ocrx_word' id='word_1_171' title='bbox 219 2492 236 2540; x_wconf 91' lang='grc'><strong><em>7</em></strong></span> <span class='ocrx_word' id='word_1_172' title='bbox 241 2493 249 2539; x_wconf 88' lang='lat' dir='ltr'>i</span> <span class='ocrx_word' id='word_1_173' title='bbox 271 2494 374 2542; x_wconf 84' lang='lat' dir='ltr'>Filiabis</span> <span class='ocrx_word' id='word_1_174' title='bbox 381 2492 460 2558; x_wconf 70' lang='lat' dir='ltr'>primi</span> <span class='ocrx_word' id='word_1_175' title='bbox 469 2509 523 2542; x_wconf 89' lang='lat' dir='ltr'>mea</span> <span class='ocrx_word' id='word_1_176' title='bbox 530 2511 569 2543; x_wconf 91' lang='lat' dir='ltr'>me</span> <span class='ocrx_word' id='word_1_177' title='bbox 579 2494 683 2545; x_wconf 88' lang='lat' dir='ltr'>fecunda</span> <span class='ocrx_word' id='word_1_178' title='bbox 692 2498 790 2563; x_wconf 70' lang='lat' dir='ltr'>iuventa</span> <span class='ocrx_word' id='word_1_179' title='bbox 799 2533 808 2561; x_wconf 89' lang='lat'>,</span> 
     </span>
     <span class='ocr_line' id='line_1_28' title="bbox 304 2570 803 2639; baseline 0.012 -18"><span class='ocrx_word' id='word_1_180' title='bbox 304 2570 350 2621; x_wconf 82' lang='lat' dir='ltr'>Sed</span> <span class='ocrx_word' id='word_1_181' title='bbox 359 2588 410 2624; x_wconf 89' lang='lat' dir='ltr'>non</span> <span class='ocrx_word' id='word_1_182' title='bbox 421 2589 449 2622; x_wconf 84' lang='lat' dir='ltr'>ex</span> <span class='ocrx_word' id='word_1_183' title='bbox 459 2589 509 2622; x_wconf 90' lang='lat' dir='ltr'>uno</span> <span class='ocrx_word' id='word_1_184' title='bbox 520 2576 638 2639; x_wconf 80' lang='lat' dir='ltr'>conjuge,</span> <span class='ocrx_word' id='word_1_185' title='bbox 651 2575 708 2625; x_wconf 86' lang='lat' dir='ltr'>feeit</span> <span class='ocrx_word' id='word_1_186' title='bbox 719 2593 803 2631; x_wconf 44' lang='lat' dir='ltr'>avum«</span> 
     </span>
     <span class='ocr_line' id='line_1_29' title="bbox 272 2649 882 2723; baseline 0.013 -25"><span class='ocrx_word' id='word_1_187' title='bbox 272 2650 303 2699; x_wconf 88' lang='lat' dir='ltr'>Et</span> <span class='ocrx_word' id='word_1_188' title='bbox 311 2654 361 2716; x_wconf 71' lang='lat' dir='ltr'>iam</span> <span class='ocrx_word' id='word_1_189' title='bbox 373 2649 506 2715; x_wconf 64' lang='lat' dir='ltr'>complerat</span> <span class='ocrx_word' id='word_1_190' title='bbox 515 2653 610 2715; x_wconf 86' lang='lat' dir='ltr'>genitor</span> <span class='ocrx_word' id='word_1_191' title='bbox 618 2653 658 2700; x_wconf 91' lang='lat' dir='ltr'>sua</span> <span class='ocrx_word' id='word_1_192' title='bbox 668 2652 735 2714; x_wconf 88' lang='lat' dir='ltr'>fata,</span> <span class='ocrx_word' id='word_1_193' title='bbox 747 2671 882 2723; x_wconf 82' lang='lat' dir='ltr'>novemque</span> 
     </span>
     <span class='ocr_line' id='line_1_30' title="bbox 304 2727 791 2782; baseline 0.008 -4"><span class='ocrx_word' id='word_1_194' title='bbox 304 2727 437 2780; x_wconf 81' lang='lat' dir='ltr'>Addiderat</span> <span class='ocrx_word' id='word_1_195' title='bbox 447 2729 523 2778; x_wconf 83' lang='lat' dir='ltr'>lustris</span> <span class='ocrx_word' id='word_1_196' title='bbox 531 2729 605 2779; x_wconf 90' lang='lat' dir='ltr'>altera</span> <span class='ocrx_word' id='word_1_197' title='bbox 616 2729 686 2780; x_wconf 89' lang='lat' dir='ltr'>lustra</span> <span class='ocrx_word' id='word_1_198' title='bbox 694 2748 791 2782; x_wconf 86' lang='lat' dir='ltr'>novem.</span> 
     </span>
     <span class='ocr_line' id='line_1_31' title="bbox 273 2806 865 2874; baseline 0.01 -18"><span class='ocrx_word' id='word_1_199' title='bbox 273 2806 331 2856; x_wconf 87' lang='lat' dir='ltr'>Non</span> <span class='ocrx_word' id='word_1_200' title='bbox 341 2809 409 2857; x_wconf 85' lang='lat' dir='ltr'>aliter</span> <span class='ocrx_word' id='word_1_201' title='bbox 416 2806 486 2868; x_wconf 83' lang='lat' dir='ltr'>flevi,</span> <span class='ocrx_word' id='word_1_202' title='bbox 495 2807 570 2874; x_wconf 67' lang='lat' dir='ltr'>quim</span> <span class='ocrx_word' id='word_1_203' title='bbox 582 2825 622 2858; x_wconf 88' lang='lat' dir='ltr'>me</span> <span class='ocrx_word' id='word_1_204' title='bbox 632 2808 730 2859; x_wconf 85' lang='lat' dir='ltr'>fleturus</span> <span class='ocrx_word' id='word_1_205' title='bbox 741 2809 865 2862; x_wconf 87' lang='lat' dir='ltr'>ademtum</span> 
     </span>
     <span class='ocr_line' id='line_1_32' title="bbox 226 2872 764 2953; baseline 0.009 -20"><span class='ocrx_word' id='word_1_206' title='bbox 226 2872 258 2919; x_wconf 62' lang='lat'>30</span> <span class='ocrx_word' id='word_1_207' title='bbox 307 2885 350 2935; x_wconf 90' lang='lat' dir='ltr'>Ille</span> <span class='ocrx_word' id='word_1_208' title='bbox 362 2886 409 2936; x_wconf 87' lang='lat' dir='ltr'>fuit</span> <span class='ocrx_word' id='word_1_209' title='bbox 420 2905 427 2935; x_wconf 80' lang='lat' dir='ltr'>a</span> <span class='ocrx_word' id='word_1_210' title='bbox 437 2891 508 2936; x_wconf 89' lang='lat' dir='ltr'>matri</span> <span class='ocrx_word' id='word_1_211' title='bbox 518 2891 628 2952; x_wconf 82' lang='lat' dir='ltr'>proxima</span> <span class='ocrx_word' id='word_1_212' title='bbox 639 2888 697 2953; x_wconf 85' lang='lat' dir='ltr'>justa</span> <span class='ocrx_word' id='word_1_213' title='bbox 710 2889 764 2938; x_wconf 82' lang='lat' dir='ltr'>tuli.</span> 
     </span>
     <span class='ocr_line' id='line_1_33' title="bbox 275 2962 772 3031; baseline 0.006 -20"><span class='ocrx_word' id='word_1_214' title='bbox 275 2962 364 3012; x_wconf 86' lang='lat' dir='ltr'>Felices</span> <span class='ocrx_word' id='word_1_215' title='bbox 374 2964 462 3024; x_wconf 87' lang='lat' dir='ltr'>ambo,</span> <span class='ocrx_word' id='word_1_216' title='bbox 473 2964 656 3031; x_wconf 74' lang='lat' dir='ltr'>tempestiveque</span> <span class='ocrx_word' id='word_1_217' title='bbox 668 2965 752 3031; x_wconf 86' lang='lat' dir='ltr'>sepulti</span> <span class='ocrx_word' id='word_1_218' title='bbox 763 2997 772 3027; x_wconf 81' lang='grc'><em>,</em></span> 
     </span>
     <span class='ocr_line' id='line_1_34' title="bbox 307 3039 794 3110; baseline 0.008 -21"><span class='ocrx_word' id='word_1_219' title='bbox 307 3043 369 3090; x_wconf 80' lang='lat' dir='ltr'>Ante</span> <span class='ocrx_word' id='word_1_220' title='bbox 380 3040 444 3090; x_wconf 89' lang='lat' dir='ltr'>diem</span> <span class='ocrx_word' id='word_1_221' title='bbox 457 3057 534 3106; x_wconf 81' lang='lat' dir='ltr'>poenae</span> <span class='ocrx_word' id='word_1_222' title='bbox 546 3039 613 3110; x_wconf 89' lang='lat' dir='ltr'>quod</span> <span class='ocrx_word' id='word_1_223' title='bbox 624 3046 712 3108; x_wconf 90' lang='lat' dir='ltr'>periere</span> <span class='ocrx_word' id='word_1_224' title='bbox 724 3041 794 3093; x_wconf 82' lang='lat' dir='ltr'>meae!</span> 
     </span>
     <span class='ocr_line' id='line_1_35' title="bbox 276 3118 993 3188; baseline 0.006 -21"><span class='ocrx_word' id='word_1_225' title='bbox 276 3118 318 3167; x_wconf 86' lang='lat' dir='ltr'>Me</span> <span class='ocrx_word' id='word_1_226' title='bbox 328 3135 422 3184; x_wconf 87' lang='lat' dir='ltr'>quoque</span> <span class='ocrx_word' id='word_1_227' title='bbox 432 3119 546 3183; x_wconf 83' lang='lat' dir='ltr'>felicem,</span> <span class='ocrx_word' id='word_1_228' title='bbox 557 3119 640 3187; x_wconf 90' lang='lat' dir='ltr'>quod,</span> <span class='ocrx_word' id='word_1_229' title='bbox 652 3137 702 3172; x_wconf 89' lang='lat' dir='ltr'>non</span> <span class='ocrx_word' id='word_1_230' title='bbox 711 3121 846 3172; x_wconf 83' lang='lat' dir='ltr'>viventibus</span> <span class='ocrx_word' id='word_1_231' title='bbox 854 3119 925 3188; x_wconf 41' lang='lat' dir='ltr'>illut</span> <span class='ocrx_word' id='word_1_232' title='bbox 967 3159 970 3164; x_wconf 91' lang='lat'>.</span> <span class='ocrx_word' id='word_1_233' title='bbox 987 3159 993 3164; x_wconf 86' lang='lat'>.</span> 
     </span>
    </p>
   </div>
   <div class='ocr_carea' id='block_1_3' title="bbox 0 0 1182 3917">
    <p class='ocr_par' dir='ltr' id='par_1_5' title="bbox 0 0 1182 3917">
     <span class='ocr_line' id='line_1_36' title="bbox 0 0 1182 3917; baseline 0 0"><span class='ocrx_word' id='word_1_234' title='bbox 0 0 1182 3917; x_wconf 95' lang='lat' dir='ltr'> </span> 
     </span>
    </p>
   </div>
  </div>
 </body>
</html>
