2334 3917
293 437 435 503 Enrsn.
464 447 520 503 nx
540 431 693 514 Potito
716 434 754 505 L.
774 434 805 501 I.
849 453 917 520 ²77

239 550 371 604 Clamabat
381 552 480 608 medii.
496 556 519 602 se
535 551 664 609 meruisse,
679 553 727 604 via.

207 629 278 680 Talia
289 631 404 683 Cotiestes
414 632 466 681 fieri
476 635 595 696 preconia
607 631 729 697 gaudent3
938 638 964 685 55

239 710 274 758 Ut
284 744 292 769 ‚
302 712 342 760 sua
351 709 411 776 quid
419 709 515 760 valeant
522 711 633 764 numina.
646 709 701 758 reste
710 708 819 773 probent.

206 787 271 850 Saepe
282 787 363 838 levant
371 804 453 854 pennas
464 821 473 847 ,
487 802 613 852 ereptaque
622 786 712 836 lumina
722 784 842 845 reddunt,

240 865 305 915 Cim
315 867 374 915 bene
385 867 476 930 peccati
487 861 623 929 poenituiise
633 861 725 914 vident.

207 939 311 993 Paenitet
323 944 353 994 o!
364 947 384 992 si
393 941 453 1008 quid
462 945 603 992 miserorum
618 939 721 992 creditur
733 939 777 990 ulli
790 973 798 999 ‚

240 1020 360 1076 Pernitet,
376 1025 401 1069 δι
415 1020 478 1070 facio
489 1035 602 1086 torqueor
613 1022 661 1084 ipse
670 1036 734 1068 meo.

207 1094 321 1163 cumque
333 1102 363 1147 rit
373 1098 482 1147 exsilium
490 1131 498 1152 .
506 1101 582 1162 magis
590 1099 622 1146 est
633 1099 692 1146 mihi
704 1095 773 1161 culpa
784 1093 863 1144 dolori
875 1111 881 1142 t
927 1123 929 1126 .

239 1174 326 1240 Estque
334 1179 383 1240 pati
395 1191 491 1240 pennas,
504 1176 579 1240 quim
590 1171 700 1224 meruiffe
713 1209 721 1234 ,
733 1177 820 1222 minus.

206 1250 241 1299 Ut
254 1253 315 1299 mihi
326 1250 360 1300 Di
375 1252 470 1302 faveant
482 1287 491 1313 ,
504 1254 590 1317 quibus
600 1252 632 1301 est
643 1251 788 1300 manifestior
799 1251 846 1315 ipse
858 1266 866 1308 3

238 1329 311 1376 Poena
321 1329 397 1392 potest
406 1328 485 1388 demi,
498 1330 566 1394 culpa
581 1333 689 1394 perennis
699 1332 752 1378 erit.

205 1404 274 1453 Mors
288 1405 361 1455 faciet
372 1405 449 1466 certi,
460 1423 490 1455 ne
504 1410 565 1465 sim,
578 1407 634 1456 crim
649 1410 757 1465 venerit,
774 1403 856 1454 exsul:
932 1389 961 1442 ⁶5

235 1481 273 1531 Ne
286 1499 336 1532 non
350 1487 488 1548 peccarim,
505 1501 569 1532 mors
585 1500 682 1550 quoque
698 1499 747 1533 non
757 1482 838 1532 ficiet.

204 1558 248 1608 Nil
263 1561 336 1624 igitur
345 1563 449 1620 mitum,
461 1564 480 1609 ri
491 1577 558 1610 mene
568 1564 629 1610 mihi
639 1595 648 1621 ,
660 1559 741 1612 tabida
750 1560 827 1621 fasta,

237 1636 275 1686 De
285 1641 339 1689 nive
349 1643 467 1688 manantis
478 1656 545 1688 more
555 1638 665 1704 liquescit
676 1654 751 1703 aquae.

204 1713 272 1764 Eune
288 1729 314 1764 ut
331 1716 428 1766 occulti
439 1720 521 1766 vitiata
532 1714 637 1764 teredine
648 1719 714 1764 navis
725 1734 732 1762 ι

239 1793 351 1858 ffquorei
360 1793 470 1858 scopulos
485 1809 512 1842 ut
528 1809 596 1843 cavat
607 1791 670 1842 unda
684 1792 751 1842 salis:
930 1791 962 1836 7⁰

204 1868 307 1919 Roditur
317 1886 344 1920 ut
355 1871 435 1919 scabri
446 1875 550 1935 positum
559 1873 666 1935 rubigine
676 1869 764 1918 ferrum
776 1887 782 1918 r

236 1945 356 1998 Conditus
373 1964 399 1998 ut
412 1952 481 1998 tinea·
491 1952 595 2014 carpitur
605 1965 646 1998 ore
658 1948 728 1996 liber:

203 2023 241 2072 Sic
253 2040 306 2072 mea
314 2041 439 2090 perpetuos
449 2042 559 2076 curarum
571 2029 665 2090 pectora
676 2028 783 2080 morsus,

934 1008 965 1046 60

128 2109 132 2115 ·
236 2101 292 2149 Fine
303 2105 388 2167 quibus
398 2103 466 2153 nullo
477 2102 649 2161 conficiantur,
661 2104 756 2152 habent.

203 2178 255 2227 Nec
266 2179 329 2244 priris
339 2182 365 2228 hi
376 2195 481 2229 mentem
490 2181 578 2230 stimuli
587 2215 594 2239 ,
602 2180 676 2246 quim
686 2183 752 2240 vira,
765 2179 911 2245 relinquent:
931 2177 959 2226 75

235 2256 330 2322 Quique
341 2255 409 2307 dolet
418 2258 505 2318 cititir,
517 2258 592 2323 quim
607 2257 678 2307 dolor
689 2261 754 2322 ipse,
771 2255 848 2306 cadet.

204 2333 258 2383 Hoc
272 2337 332 2383 mibi
342 2339 362 2384 si
372 2337 453 2400 Superi
463 2371 471 2396 ,
482 2353 584 2402 quorum
601 2338 680 2386 sumus
691 2339 789 2394 omnia,
799 2332 911 2392 credent,

236 2413 344 2461 Forsitan
356 2413 441 2478 exigui
450 2412 537 2478 dignus
545 2413 651 2461 habebor
665 2429 710 2476 ope
720 2430 728 2470 3
810 2457 813 2466 ,

202 2491 276 2554 inque
288 2490 369 2540 locum
378 2493 491 2553 Scythico
503 2505 606 2539 vacuum
618 2491 729 2539 mutabor
739 2491 768 2540 ab
777 2503 840 2539 arcu.

235 2567 291 2617 Pius
299 2569 362 2632 isto,
373 2567 441 2630 duri,
453 2572 473 2619 si
482 2583 582 2635 precer,
594 2570 642 2617 oris
652 2584 702 2616 ero.
930 2548 962 2642 3⁰

272 2772 289 2798 '0

463 2838 630 2920 W
