2334 3917
283 375 349 461 3⁸2
411 374 454 443 P.
479 374 635 444 Ovrorr
658 380 856 449 NAsorvrs

310 495 383 573 Tqrra
393 498 424 545 sit
434 512 461 546 ut
470 500 568 563 propior
579 498 726 550 testificanda
737 503 807 552 mihi.

276 572 308 622 At
319 574 362 625 tibi
372 608 380 633 ,
392 574 486 624 calcalli
496 580 539 641 qui
549 594 605 637 me,
615 578 739 638 violente,
750 584 887 644 jacentem.

228 676 259 725 3⁰
307 651 483 711 Quamlibet&
494 656 581 705 misero
592 654 686 705 debitus
696 658 768 706 hollis
778 676 830 707 ero.

272 728 372 780 Desinet
382 728 429 779 else
437 731 500 797 pritls
511 735 643 783 contrarius
654 736 747 799 ignibus
758 738 862 796 humor3

305 806 436 874 luridaque
446 826 501 859 cum
512 810 579 860 Luna
590 810 667 861 sidera
678 812 741 862 Solis
751 829 838 872 erunt,

273 886 377 954 Parsque
387 886 471 939 eadem
483 889 539 939 coeli
549 890 674 955 Zephyros
683 895 779 942 emittet
789 896 813 943 δι
824 892 917 955 Euros3

305 965 337 1015 Et
346 964 439 1031 tepidus
450 966 532 1031 gelido
542 965 611 1016 flabit
621 969 651 1016 ab
661 984 704 1016 axe
715 971 791 1019 Notus
802 987 811 1029 ς

225 1065 252 1115 35
272 1045 303 1097 Et
313 1061 376 1096 nova
385 1044 489 1095 fraterno
499 1048 579 1094 veniet
589 1044 719 1095 concordia
731 1048 818 1109 firmo,

303 1125 382 1185 Quem
392 1140 459 1174 vetus
472 1123 570 1173 accensi
580 1124 672 1189 separat
680 1127 717 1173 ira
726 1126 801 1191 pyra⁴13

269 1202 301 1253 Et
311 1203 360 1253 Ver
369 1204 509 1259 Autumno,
520 1200 614 1249 Brumae
623 1202 762 1251 miscebitur
772 1202 847 1253 AEstas
857 1222 866 1265 3

301 1279 380 1345 Atque
390 1276 474 1327 eadem
484 1276 651 1342 regioVesper
660 1282 685 1326 bt
697 1278 770 1328 Ortus
778 1296 863 1331 erunt:

266 1356 348 1419 Qulm
358 1356 418 1405 mihi
427 1358 458 1405 sit
467 1369 547 1403 tecum
556 1389 565 1414 ,
575 1356 660 1419 positis
669 1372 723 1421 quae
734 1358 861 1408 sumsimus
871 1362 961 1424 armis,

214 1471 250 1516 40
297 1436 395 1495 Gratia,
407 1436 555 1493 commissis,
566 1434 695 1499 improbe,
706 1448 775 1500 rupta
786 1440 842 1486 tuis.

266 1514 313 1563 Pax
322 1517 366 1563 erit
376 1516 426 1562 hac
436 1512 520 1573 nobis,
531 1510 608 1562 donec
619 1514 740 1563 mihlvira
750 1516 873 1577 manebit,
947 1519 950 1527 '

297 1592 363 1645 Cum
372 1610 458 1659 pecore
467 1590 565 1641 infirmo
575 1608 629 1658 quae
638 1592 700 1641 solet
709 1590 757 1642 effe
767 1593 837 1659 lupis.

264 1673 344 1723 Prima
353 1672 450 1740 quidem
461 1685 542 1737 coepro
553 1673 706 1720 committam
716 1671 801 1736 proelia
811 1673 881 1722 versu
892 1705 903 1735 ,

296 1752 354 1802 Non
365 1752 457 1803 soleant
465 1752 574 1818 quamvis
583 1752 631 1799 hoc
642 1748 703 1815 pede
712 1749 776 1799 bella
785 1752 844 1815 geri.

213 1860 243 1907 45
260 1832 345 1898 thue
356 1834 416 1898 petit
427 1830 507 1897 primo
516 1828 615 1896 plenum
627 1826 736 1878 fluentis
747 1843 823 1878 arene

293 1906 410 1960 Nondum
421 1908 516 1957 calsaiii
524 1907 605 1956 velitis
614 1905 680 1955 helia
688 1904 785 1963 solum,

259 1990 299 2038 Sic
309 2004 354 2052 ego
367 2002 389 2036 te
400 1986 463 2035 serto
474 1982 583 2035 noudum
596 1982 719 2047 iaculabor
726 2000 814 2045 acuto,

291 2066 402 2114 Protinus
411 2065 514 2113 invisum
525 2078 569 2111 nec
580 2064 647 2127 peret
656 2062 720 2111 hasta
731 2076 812 2127 caput.

258 2143 289 2195 Et
299 2158 375 2209 neque
386 2156 475 2191 nomen
486 2144 511 2189 irs
521 2142 585 2199 hoe,
597 2155 641 2188 uec
652 2139 732 2190 dicam
745 2141 804 2191 faeie
815 2140 898 2192 libello
910 2160 918 2192 s

289 2224 372 2289 Teque
380 2221 512 2293 breviqqui
523 2220 569 2275 sis,
582 2215 731 2268 dissimulare
742 2222 828 2269 sinam.

254 2298 403 2359 Postmodo,
415 2301 433 2347 sl
444 2312 542 2363 perges,
554 2299 579 2345 in
592 2310 616 2345 te
625 2298 685 2345 mihi
696 2297 757 2347 liber
766 2298 861 2347 iambus

287 2381 373 2429 Tinsia
383 2375 518 2440 Lycambeo³
529 2376 642 2439 sauguine
652 2375 699 2425 tela
713 2374 789 2425 dabit.

252 2458 326 2509 Nunc
335 2492 343 2517 ,
355 2472 405 2523 quo
415 2452 535 2505 Battiades
545 2456 671 2502 inimicum
685 2452 789 2505 devovet
797 2454 850 2505 lbiu
856 2490 867 2517 ,

286 2537 341 2585 Hoc
351 2550 395 2601 ego
407 2530 514 2583 devoveo
525 2546 596 2600 teque
607 2531 803 2602 tuosque'modo.
870 2597 873 2600 Ι

205 2646 233 2696 55
250 2612 333 2681 thue
343 2613 385 2662 ille
394 2647 403 2672 ,
412 2611 517 2683 historiis
527 2610 650 2661 invdlvam
660 2614 766 2661 carmina
776 2614 843 2663 caetis
853 2630 861 2662 e

284 2693 342 2744 Non
353 2690 442 2741 soleam
454 2690 562 2755 quamvis
573 2690 759 2754 hocgenusipse
770 2691 847 2757 sequi.

250 2770 318 2821 Illius
328 2769 439 2834 ambages
449 2770 554 2817 imitatus
565 2770 591 2815 in
602 2764 668 2817 Ibide
678 2765 761 2829 dicar,

284 2848 380 2898 Oblitus
391 2848 464 2896 moris
473 2844 605 2913 iudiciique
615 2849 672 2895 mei.-

211 2182 243 2230 50

241 2936 282 2986 ‘Et
292 2942 406 3004 quoniam
417 2974 424 2999 ,
436 2940 478 3005 qui
489 2940 519 2987 sis
530 2934 654 2997 ,nondum
664 2937 822 3003 quarentibus
834 2939 899 3006 edo,

202 3052 234 3091 60
281 3014 354 3065 Ibidis
364 3020 454 3067 interea
465 3031 489 3065 tu
501 3032 597 3081 quoquc
606 3032 696 3067 nomeu
705 3020 773 3067 habe.

249 3090 330 3159 thue
340 3096 389 3141 mei
398 3095 477 3147 versus
487 3093 637 3160 aliquantum
646 3096 722 3145 nouis
731 3096 854 3150 habebunt
858 3132 870 3163 ,
