2334 3917
309 393 579 463 Turstturr
603 387 800 456 Ltulll.
853 399 917 480 205
951 369 955 375 ’

244 513 281 562 Au
292 516 348 579 quia
359 510 478 562 Leucadio
487 499 578 576 semper
590 525 669 559 amata
677 508 749 558 Deo?

209 589 294 654 Ipsune
306 589 373 655 quod
384 589 441 638 festa
450 588 484 638 est
494 591 503 637 i
517 604 549 638 au
558 585 626 652 quod
636 585 694 636 facit
702 587 784 636 omnia
794 582 866 633 festa?
932 581 936 584 ’

243 666 322 726 Quam
334 668 419 716 tribuit
432 668 499 714 terris
510 698 518 724 ,
530 666 597 713 Pacis
608 679 639 712 an
650 663 692 712 isia
702 677 760 713 nora
770 661 816 711 est?

209 741 293 808 thue
303 746 365 793 viret
377 745 468 807 semper
479 742 572 796 laurus,
584 757 628 790 nec
639 739 724 790 froude
735 737 824 790 caduci
939 752 970 800 45

243 821 357 886 Carpitur
367 839 376 881 ς
388 821 551 882 aetemum'sic
562 820 634 868 habet
645 818 688 867 illa
700 815 771 866 decus
781 819 790 866 i

209 894 289 948 Causa
301 900 452 964 superposita
467 898 556 960 scripto
567 895 648 945 testata
662 911 757 944 corona

242 977 351 1025 Servatus
362 978 423 1025 cives
433 975 525 1024 indicat
535 975 604 1038 hujus
615 988 669 1037 ope.

208 1049 294 1116 Adjice
305 1055 402 1102 servaris
412 1068 486 1100 unum
497 1086 505 1111 ,
517 1052 585 1099 Patet
596 1052 705 1115 optime,
718 1048 795 1098 civem
805 1081 828 1110 ,¹

237 1130 292 1190 ‚Qui
302 1130 386 1194 procul
400 1144 508 1179 extremo
518 1128 599 1193 pulsus
608 1131 634 1178 iu
644 1128 701 1177 orbe
710 1131 781 1191 jacet.
944 1131 974 1182 50

209 1205 238 1256 lu
251 1224 302 1272 quo
312 1223 455 1272 prunarum,
473 1222 531 1272 quas
542 1208 565 1254 se
576 1202 686 1254 meruisse
701 1196 807 1264 fatetur,

243 1285 301 1334 Nou
318 1285 410 1336 facinus
421 1286 516 1334 causam
527 1318 536 1343 ,
549 1283 591 1336 sed
608 1285 661 1334 suus
679 1279 744 1332 erto'r
757 1282 838 1330 haber.

208 1361 252 1411 Me
263 1362 384 1411 miserum!
393 1377 523 1428 vereorque
531 1360 625 1418 locum,
632 1375 778 1425 venerorque
785 1371 925 1425 potentem,

242 1441 274 1490 Et
285 1444 391 1507 quaritur
401 1438 495 1507 trepido
506 1440 576 1489 litera
584 1439 663 1488 nostra
674 1452 750 1487 meru.

208 1518 300 1584 Aspicis
316 1519 426 1583 exsangui
437 1519 545 1566 chartam
559 1516 647 1582 pallere
663 1513 762 1566 colore?
941 1525 968 1576 55

241 1598 332 1660 Aspicis
342 1595 446 1646 alternos
456 1590 603 1644 intremuisse
615 1591 685 1658 pedes
695 1594 705 1642 i

209 1673 434 1741 Quandocumque,
445 1690 544 1739 precor,
556 1673 637 1723 nostro
644 1671 737 1737 placata
747 1671 839 1735 parenti
882 1731 886 1736 .

242 1751 321 1804 Isdem
337 1754 379 1801 sub
393 1751 500 1802 dominic
509 1753 621 1817 aspiciare
632 1747 727 1799 domus.

208 1828 268 1880 lude
282 1844 363 1879 tenore
375 1832 441 1895 pati,
454 1827 565 1894 gradibus
576 1827 686 1876 sublimia
695 1825 762 1876 celsis
773 1859 782 1887 ,

240 1908 325 1959 Ducoe
336 1906 366 1957 ad
376 1910 466 1958 intonsi
477 1903 578 1956 candida
589 1904 677 1969 templa
689 1903 744 1952 Dei.
940 1903 972 1942 60

208 1987 280 2048 Signa
293 1988 421 2051 peregrinis
432 1986 473 2033 ubi
482 1986 537 2034 sunt
546 1983 636 2032 alterna
648 1980 766 2031 columnis

241 2061 351 2123 Belides,
365 2067 390 2112 δι
401 2063 479 2111 siricio
490 2063 602 2111 barbatus
616 2061 668 2110 ense
680 2073 760 2124 prtets

209 2139 316 2206 Quaque
325 2142 372 2190 viti
386 2137 458 2188 doiio
472 2154 561 2189 sereres
570 2136 652 2203 cepite
662 2139 766 2202 novique

237 2220 351 2277 Pesiore,
369 2217 461 2266 lesiuris
471 2215 618 2282 inspicienda
630 2230 721 2281 patent.

212 2294 355 2356 Quaerebam
368 2294 470 2353 fratres,
485 2297 588 2360 exceptis
604 2294 695 2344 scilicet
705 2291 770 2353 illis,
941 2295 969 2348 ⁶5

241 2373 310 2433 Quos
322 2375 375 2422 suus
385 2388 536 2438 optatetnon
545 2370 651 2438 genuisse
658 2387 750 2437 pateus.

209 2449 360 2510 Quarentem
371 2450 455 2499 frustra
466 2452 543 2500 custos
552 2467 592 2499 me
602 2484 610 2509 ‚
621 2448 714 2502 sedibus
727 2447 776 2498 iliis

239 2528 397 2592 Ptaposirtts,
415 2529 496 2577 sensio
506 2532 574 2592 jussit
584 2529 648 2592 abire
659 2527 725 2578 ioco.

207 2604 288 2655 Altera
299 2605 388 2671 templa
402 2620 475 2670 peto,
488 2608 569 2655 vicino
578 2607 658 2670 §unsis
669 2607 763 2654 theatro
774 2621 780 2652 ι
876 2623 883 2639 ·

240 2683 296 2732 iiaec
312 2699 408 2749 quoque
424 2699 491 2732 etant
504 2681 604 2748 pedibus
615 2698 664 2731 uon
676 2678 784 2732 adeunda
793 2679 862 2730 meis.
937 2697 970 2742 7⁰

206 2761 258 2811 Nec
268 2778 322 2820 me,
334 2777 387 2826 quae
395 2759 470 2810 dusiis
480 2775 607 2825 patuerunt
619 2762 696 2824 prima
708 2756 795 2807 libellis
799 2789 809 2819 ‚

238 2840 304 2886 Attia
318 2839 425 2887 Libertas
440 2852 536 2903 tangere
545 2834 609 2902 passa
621 2838 662 2886 sua
673 2835 713 2886 est.

206 2913 234 2965 ln
245 2931 319 2979 genus
334 2917 435 2965 austeris
446 2916 525 2964 miseri
532 2915 629 2964 fortuna
636 2911 754 2964 redundat
765 2930 774 2973 ·‚

173 3016 176 3024 ·
239 2993 270 3043 Er
283 2995 387 3059 patimur
404 2996 472 3051 nari,
489 3009 563 3057 quam
577 2991 633 3041 tulit
647 2994 712 3056 ipse,
728 2990 819 3056 sugant.

203 3069 432 3122 serumserum
444 3068 774 3135 olimminusasper,&ilii
808 3131 811 3136 Ι
842 3115 846 3120 .
880 3107 883 3116 s
934 3087 964 3140 75
