2334 3917
287 366 351 433 ¹⁴92
425 345 469 415 P.
498 346 655 411 Ouum
675 345 870 411 Nasoum

236 465 484 533 185Miuusrrri1ium
493 466 513 513 ri
525 462 583 524 dat,
598 467 743 531 propiusque
751 469 863 530 roganti,

313 544 368 591 Pars
378 546 423 591 erit
434 540 527 607 epttni
541 558 629 607 magna
644 543 723 592 levata
739 542 802 593 mei.

279 620 374 669 Uitima
385 622 519 686 perpetior,
531 617 624 671 medior
633 622 751 685 projeuu»
759 623 786 669 in
795 620 888 680 hosstt3
971 659 980 671 ,

312 696 364 745 Nec
376 698 501 761 quitquam
513 694 591 763 patriai
601 694 695 759 longius
705 694 770 743 exsui
778 694 852 744 abest.

279 773 348 823 Solus
359 771 389 823 ad
398 768 589 837 egreffusruiisus
600 772 757 839 septemplicis
766 771 833 831 istri,

232 869 278 912 190
311 852 437 900 Parrhatiae
452 848 533 914 gelido
548 852 647 913 virginit
658 866 700 898 are
711 865 816 913 premor.

278 928 385 993 iaziges,
403 931 428 977 ὃ(
440 926 545 984 Colchi,
558 925 711 993 Meteriaque
722 928 806 985 turba,
818 926 934 992 Getaeque
940 960 951 988 ‚

310 1004 416 1057 Danubii
426 1002 511 1056 mediis
521 1006 560 1053 vix
569 1005 727 1068 prohibentur
735 1007 812 1070 aquis.

278 1080 391 1149 Cumque
404 1080 446 1133 alii
463 1080 532 1131 causi
544 1084 589 1131 tibi
600 1085 647 1131 riut
656 1085 764 1146 graviore
776 1082 870 1146 fugati,

264 1158 268 1175 '
309 1158 415 1208 Ulterior
425 1158 501 1218 nulli,
517 1158 593 1223 quim
600 1160 678 1217 mihi,
693 1173 755 1207 terra
765 1155 820 1207 data
828 1156 879 1215 est,
955 1192 959 1197 -

231 1234 381 1300 ¹95Longius
391 1237 434 1283 hac
446 1234 507 1283 nihil
518 1236 569 1295 est,
580 1236 626 1283 niti
637 1250 731 1285 tantum
740 1234 814 1299 frigus
830 1231 856 1283 8(
866 1235 939 1283 hostis
945 1268 955 1291 ,

307 1313 338 1361 Et
353 1315 423 1361 maris
434 1313 526 1363 astristo
536 1328 589 1378 quae
599 1318 651 1362 coit
664 1309 728 1361 unda
741 1313 807 1377 gelu.

275 1388 392 1439 Iiaiienus
406 1390 491 1439 Euxini
502 1406 554 1454 pars
565 1389 599 1437 est
608 1391 718 1440 Romana
727 1390 826 1439 sinistri:

307 1466 418 1516 Proxima
429 1466 542 1516 Basternae
557 1468 748 1532 Sauromataeque
763 1481 853 1517 rentur.

274 1544 331 1601 Hac
342 1546 374 1594 eii
386 1546 490 1595 Ausonio
501 1546 543 1593 sub
550 1547 602 1610 jure
609 1547 755 1603 nouissima,
766 1546 854 1610 virque

135 1619 139 1627 “
227 1632 273 1667 200
306 1623 385 1673 Haeret
394 1627 420 1672 in
430 1626 524 1688 imperii
535 1625 642 1687 margine
654 1638 715 1677 retra
725 1626 770 1673 tui.

275 1699 345 1749 Unde
355 1713 443 1766 pretor·
449 1700 544 1765 supplex
553 1734 561 1759 ,
573 1714 601 1753 ut
610 1716 653 1748 nos
662 1703 687 1748 in
699 1715 750 1749 tuta
759 1700 847 1765 roitger
860 1718 868 1758 3

306 1778 343 1827 Ne
353 1782 384 1828 tit
396 1795 450 1827 tum
462 1776 538 1841 patrii
547 1794 593 1843 pax
602 1793 698 1842 quoquc
710 1775 791 1827 demta
803 1782 871 1827 mihi.

272 1853 310 1905 Ne
321 1856 417 1904 timeam
429 1870 525 1919 genter.
535 1870 593 1920 quar
600 1871 650 1905 nou
661 1856 721 1908 beut
732 1857 859 1907 submovet
867 1856 946 1917 ister,

304 1930 372 1983 Neve
383 1947 436 1981 tuur
447 1935 536 1997 possim
547 1934 605 1981 civis
616 1934 645 1980 ab
655 1932 722 1995 hoiie
734 1937 795 1998 capi.

225 2007 315 2067 wsfas
324 2010 436 2073 prohibet
447 2009 518 2059 Latio
533 2024 679 2075 quemquam
686 2007 716 2069 de
724 2012 924 2075 sanguiuemtum
931 2048 941 2072 ,

302 2084 435 2136 Cesaribus
442 2086 511 2135 salvis
524 2121 532 2147 ,
544 2089 643 2136 barbara
654 2087 733 2136 vincla
742 2092 801 2153 pati.

270 2160 420 2213 Perdiderint
429 2162 483 2212 etim
494 2180 533 2212 me
540 2161 591 2213 duo
599 2166 715 2225 crimina,
726 2159 856 2218 tarmen&
866 2182 951 2227 error,

302 2240 404 2291 Alterius
414 2240 469 2292 fatu
479 2242 550 2307 culpa
559 2242 739 2294 silendamihi:
891 2238 895 2245 ’

270 2317 334 2368 Nam
342 2334 391 2377 nun
397 2320 448 2371 sum
457 2321 532 2380 tauri,
545 2336 693 2377 utrruovtm
702 2321 863 2379 ruauulurra,
876 2318 969 2369 cesar.

118 2396 125 2411 ⁸
221 2410 267 2448 aro
300 2396 379 2457 Quem
389 2399 466 2448 nimio
477 2396 529 2461 plus
538 2398 570 2455 est
580 2396 709 2448 indoluiffe
719 2398 801 2450 sumti.

266 2474 347 2525 Altera
360 2491 412 2540 pars
422 2476 522 2539 superest
532 2509 540 2533 ,
551 2475 599 2541 qui
609 2510 618 2536 ‚
630 2479 694 2540 turpi
704 2479 803 2525 crimine
814 2476 904 2535 reatu,
992 2498 995 2502 ·
1055 2480 1060 2487 “

299 2555 392 2619 Argum
404 2553 500 2604 obsceni
509 2550 592 2601 dofior
602 2550 722 2602 adulterii.

266 2630 309 2681 Fas
320 2648 376 2697 ergo
384 2632 417 2680 est
428 2628 508 2696 aliqui
519 2630 623 2687 coelestia
634 2633 728 2695 pelion
738 2628 809 2689 falli3

298 2712 329 2761 Et
339 2716 393 2761 sunt
403 2709 492 2759 nortui
503 2710 579 2759 multa
593 2713 687 2760 minora
698 2710 748 2759 tui.

220 2791 245 2829 ²¹
253 2794 261 2840 5
266 2790 347 2855 thue
361 2789 425 2837 Deos
436 2822 444 2847 ,
458 2786 595 2852 coelumque
606 2787 678 2835 simul
689 2786 806 2846 sublime,
817 2788 897 2835 tututi

298 2866 356 2915 Non
366 2879 434 2916 vacat
445 2866 534 2929 exiguis
546 2864 615 2921 rebus
623 2861 702 2913 adeffe
711 2864 784 2923 Jovir

236 2950 237 2960 ¹
264 2946 285 2995 A
296 2959 318 2993 te
329 2942 471 3007 pendentem
479 2944 511 2989 tic
522 2940 580 2991 dum
591 2943 752 3007 circumspicis
759 2942 862 3004 urbem,

296 3018 422 3085 Effugiunt
431 3034 496 3075 tutas
503 3016 616 3073 inferiora
627 3032 686 3073 tuat.

318 3116 320 3123 ’
874 3100 982 3155 scillcet
