2334 3917
271 388 339 467 316
419 380 463 448 Ρ.
491 379 649 447 Ονιωι
668 377 864 448 ΝΑεοΝις

266 502 370 567 Adiuvat
379 500 404 551 in
415 498 479 551 duris
491 501 550 551 alios
561 502 684 567 presentia
694 502 763 550 rebus
774 520 781 549 e

297 582 385 629 Obruit
395 582 442 629 hoc
453 581 535 630 absens
545 579 610 629 valla
619 578 725 645 procella
736 593 816 644 caput.

218 664 244 711 55
265 656 323 718 Qu:
334 674 384 707 non
393 660 529 707 horruerint
540 661 638 708 tacitam
650 673 746 725 quoque
759 656 860 707 Caesarie
869 656 950 709 iram?

295 733 384 785 Addita
395 736 450 785 sunt
460 739 537 801 poenir
546 737 626 801 aspera
636 736 708 786 verba
720 738 789 784 meir.

262 814 301 862 Fit
318 813 374 880 suga
390 814 537 879 temporibus
552 813 629 863 levior
642 832 648 862 a
662 816 780 878 projebiue
793 815 818 861 in
830 827 913 877 equor

295 892 421 939 Arsiurum
432 890 491 937 subii
501 886 674 954 Pleiadumque
685 891 770 937 minat.

262 968 327 1030 Saepe
339 966 416 1016 solent
427 968 529 1015 hiemem
542 965 662 1029 placidam
674 967 853 1017 sentirecarinae
866 986 873 1016 e
975 960 980 967 ’

214 1044 245 1079 ⁶0
296 1044 352 1093 Nun
363 1044 449 1093 lthacae
461 1046 535 1108 puppi
549 1032 631 1091 sae'vior
643 1042 707 1092 unda
722 1043 776 1094 luite

263 1122 335 1171 Resta
346 1120 405 1172 fides
416 1125 534 1171 comitum
546 1136 641 1186 poterat
651 1120 715 1170 mala
725 1122 804 1171 nostra
815 1121 894 1172 levare
906 1141 914 1174 r

294 1199 378 1249 Dirata
389 1200 421 1248 eli
431 1199 512 1263 spoliis
522 1196 613 1263 perfida
626 1199 694 1247 turba
704 1202 773 1249 meis.

155 1283 158 1288 '
261 1276 347 1325 Mitius
364 1276 474 1325 exsilium
493 1277 583 1325 faciunt
598 1276 670 1325 loca:
685 1278 773 1326 tristior
788 1278 831 1328 rua

293 1356 368 1404 Terra
377 1355 420 1403 sub
431 1354 547 1403 ambobus
557 1370 608 1402 non
618 1357 679 1419 jacet
691 1354 741 1402 ulla
755 1354 825 1419 polie.

212 1426 240 1481 ⁶5
261 1432 300 1481 Est
311 1428 495 1498 aliquidpatriis
510 1433 618 1479 vicinum
635 1430 721 1480 finibus
737 1430 805 1482 essee

268 1550 272 1561 f
292 1509 386 1558 Ultima
406 1526 446 1557 me
466 1508 556 1568 tellus,
577 1508 676 1557 ultimus
689 1509 755 1557 orbis
771 1511 853 1561 habet.

260 1587 355 1636 Praellat
365 1590 390 1637 ὅ(
402 1586 520 1635 exsulibus
531 1602 614 1650 pacem
626 1601 667 1636 tua
677 1586 773 1647 laurea,
786 1588 865 1640 Cesar
880 1610 887 1641 a

292 1665 392 1715 Pontica
401 1662 507 1715 finitimo
518 1678 579 1712 terra
590 1665 633 1711 sub
642 1663 708 1713 hoste
715 1668 787 1730 jacet.

260 1745 366 1809 Tempus
376 1746 402 1793 in
412 1758 524 1808 agrorum
535 1740 601 1791 cultu
611 1743 750 1793 consumere
762 1741 831 1793 dulce
842 1746 874 1795 ell
886 1765 894 1797 r
919 1748 924 1761 '

212 1836 243 1878 70
293 1819 350 1870 Non
369 1823 457 1886 patitur
474 1823 535 1869 verti
549 1820 661 1869 barbarue
675 1821 748 1869 bosiis
765 1823 875 1872 humum.

259 1900 385 1963 Temperie
403 1899 460 1963 coeli
478 1914 611 1963 corpusque
623 1900 764 1964 animusque
778 1905 908 1966 juventure

290 1979 387 2041 frigore
400 1990 515 2041 perpetuo
525 1976 639 2025 Sarmatis
647 1992 695 2030 ,ora
708 1980 778 2041 riget.

257 2052 297 2102 Est
307 2056 332 2102 in
342 2068 403 2119 aqua
414 2050 480 2101 dulci
490 2068 539 2102 non
550 2050 668 2104 invidiosa
679 2054 791 2119 voluptae
802 2074 809 2103 e

290 2132 412 2198 liquoreo
423 2131 512 2179 bibitur
523 2146 578 2179 curn
590 2131 638 2181 sale
649 2136 723 2181 mixta
733 2133 810 2197 palus.

210 2223 237 2268 75
259 2210 348 2260 Omnia
357 2207 472 2259 deficiunt
484 2227 490 2256 :
502 2211 596 2257 animus
608 2224 688 2258 tamen
698 2214 781 2259 omnia
790 2214 877 2263 vincit.

290 2287 333 2337 llle
344 2289 416 2336 etiaru
427 2289 488 2336 vires
501 2302 586 2351 corpus
597 2287 683 2335 habere
695 2286 763 2336 facit.

257 2365 373 2415 sustineas
388 2380 414 2415 ue
431 2380 511 2424 onus,
529 2362 657 2413 nitendum
675 2369 764 2415 vertice
780 2367 854 2432 pleno
872 2369 924 2429 este
1012 2429 1015 2434 ⁴

290 2446 321 2492 rit
338 2441 400 2491 llesii
416 2458 500 2493 nervos
516 2444 653 2506 siparium,
666 2441 743 2492 cadet.

258 2523 313 2588 Spes
330 2536 443 2587 quoque,
459 2516 523 2585 pulle
535 2520 609 2591 ⁴mori
624 2522 746 2569 mitescere
761 2522 876 2589 Principis
888 2528 972 2585 iram,

209 2595 240 2640 80
290 2598 375 2647 Vivere
387 2595 519 2651 nunollm,
531 2594 691 2662 deficiantque
707 2612 784 2647 cavet.

258 2672 309 2722 Nec
319 2689 362 2721 vos
373 2686 443 2735 parva
457 2670 518 2721 datie
531 2674 600 2735 panti
611 2672 695 2721 solatia
706 2675 795 2732 nobie,

290 2750 400 2810 Quorum
416 2751 517 2813 spoliata
530 2748 563 2797 esi
579 2765 621 2813 per
635 2749 699 2800 mala
715 2750 793 2798 nostra
810 2749 878 2799 fides.

258 2830 346 2893 Coepta
357 2842 424 2887 terre,
435 2829 530 2893 quaes93
541 2842 584 2876 nec
595 2830 622 2876 in
635 2844 731 2895 aequore
745 2825 919 2881 deserenavem
932 2849 940 2880 a

228 2952 231 2959 .
289 2908 379 2982 Meque
396 2904 468 2960 simul
482 2906 562 2967 serva,
573 2902 737 2973 judiciumque
749 2920 825 2956 tuum.
