2334 3917
310 365 380 442 264
451 355 495 422 P.
522 355 679 422 0V1n11
706 357 900 425 NAsonm

339 478 454 542 Victaque
464 478 567 542 pugnaci
577 479 630 542 jura
640 477 682 526 sub
694 478 747 526 ense
760 482 847 542 jacent.

306 554 411 604 Pellibus
425 558 449 604 δι
464 554 522 603 laxis
533 569 615 604 arcent
625 554 688 604 maid
699 555 789 620 frigora
803 559 910 619 braccit3

97 654 98 697 p
250 637 287 697 '50
336 632 432 698 Oraque
443 635 497 683 suut
507 633 586 699 longis
598 632 696 683 horrida
708 637 768 683 teda
778 639 864 687 comis.

96 706 97 735 ¹
302 709 330 760 ln
344 713 425 776 paucis
435 727 559 761 remanent
570 712 648 777 Grajae
658 711 754 776 vestigia
765 712 864 778 lingua:

333 788 392 838 Hac
407 805 503 855 quoque
518 793 568 853 jam
578 790 666 839 Getico
676 789 775 840 barbara
787 791 848 843 fasta
859 795 930 846 sono.

300 865 372 917 Ullus
384 870 408 917 in
421 870 466 918 hoc
481 871 520 917 vix
531 867 564 916 est
574 867 680 932 populo,
694 870 735 933 qui
750 867 813 917 forte
825 869 907 922 [atine

332 945 452 1008 Qualibet
462 962 474 993 e
485 943 566 1012 medio
578 943 676 994 reddere
686 946 757 996 verba
769 962 849 1012 queat.

251 1029 262 1078 5
269 1032 279 1080 ί
299 1023 343 1074 llle
353 1039 398 1088 ego
410 1013 531 1071 Romanus
540 1038 622 1078 vates,
635 1025 769 1088 ignoscite,
782 1025 872 1081 Musa,

330 1105 462 1153 Sarmatico
473 1117 548 1166 cogor
557 1099 662 1167 plutima
673 1117 740 1149 more
752 1100 830 1168 loqui.

295 1180 333 1231 En
353 1177 442 1244 pudet,
456 1181 480 1227 ὃ(
492 1179 586 1234 fateot3
604 1183 654 1245 jam
671 1177 826 1229 desuetudine
843 1180 918 1248 longi

327 1257 375 1307 vix
387 1258 487 1306 subeunt
497 1259 541 1321 ipsi
551 1258 623 1306 verba
632 1257 715 1307 Latina
726 1259 795 1306 mihi.

188 1365 204 1376 .
293 1331 346 1382 Nec
357 1329 463 1391 dubito,
477 1335 536 1397 quin
548 1334 597 1381 sint
608 1335 632 1381 dc
642 1335 668 1382 in
681 1335 728 1382 hoc
739 1349 788 1382 uon
800 1350 873 1398 pauca
885 1336 970 1390 libello

244 1422 276 1462 σο
326 1411 441 1460 Barbara:
454 1424 504 1459 non
514 1412 620 1458 hominis
631 1410 719 1475 culpa,
731 1408 771 1460 sed
780 1411 822 1461 ista
833 1413 890 1464 ioci.

290 1488 329 1540 Ne
345 1504 426 1538 tamen
443 1489 552 1538 Ausonia
566 1486 665 1551 perdam
677 1491 820 1538 commercia
832 1490 937 1556 linguae,

323 1567 354 1617 Et
366 1565 408 1616 fiat
419 1568 498 1632 p'attio
510 1583 559 1616 vox
570 1583 624 1615 ntea
634 1581 701 1616 muta
712 1568 787 1625 sono;

288 1647 339 1713 Ipse
351 1646 438 1712 loquor
448 1662 561 1704 mecum,
575 1643 718 1711 desuetaque
729 1645 802 1696 verba
812 1652 912 1700 retracto
922 1686 931 1712 ,

321 1725 352 1774 Et
368 1721 439 1778 studii
449 1738 530 1788 repeto
542 1723 706 1788 signasinistta
716 1725 773 1772 mei.
864 1729 868 1736 “

239 1815 267 1872 ‘5
287 1804 325 1855 Sic
336 1807 444 1852 nmmum
454 1817 595 1867 tempusque
609 1802 677 1850 traho
688 1818 790 1867 :meque
802 1802 851 1866 ipse
864 1803 956 1856 reduco

319 1881 340 1931 Α
355 1879 537 1945 contemplatu,
552 1881 747 1944 submoveoque‚
764 1879 831 1928 mali.

285 1957 440 2011 Carminibus
454 1973 536 2023 quaro
547 1959 687 2008 miseratum
698 1957 788 2012 oblivia
800 1974 894 2007 terum:

316 2037 446 2087 Praemiasi
457 2033 536 2084 studm
547 2036 681 2102 consequor
690 2034 748 2094 ista,
758 2037 793 2084 sat
804 2028 845 2082 esi.

282 2177 1002 2252 mma-ma·

402 2324 668 2388 ·ELEGIA
707 2324 853 2386 VIII.

279 2416 370 2542 No
378 2506 394 2538 rr
412 2488 473 2540 adeo
485 2486 561 2540 cecidi
570 2522 579 2546 ‚
588 2487 697 2554 quamvis
708 2483 829 2551 dejedur,
843 2503 870 2536 ut
881 2488 947 2538 infra

309 2569 346 2618 Te
361 2584 459 2633 quoque
473 2570 519 2616 sim
530 2586 536 2614 ι
548 2565 707 2630 inferiusque
719 2563 780 2613 nihil
791 2560 837 2613 ess'e
850 2567 935 2628 potest.

276 2647 336 2709 Quae
352 2647 396 2695 tibi
406 2661 442 2694 ret
452 2647 546 2694 animoa
556 2647 581 2692 in
592 2659 630 2691 me
642 2642 718 2700 facit,
731 2644 859 2706 improbe?
875 2660 950 2695 curve

306 2712 409 2775 Casibus
422 2722 539 2782 insultas,
557 2737 617 2786 quot
628 2734 696 2784 potes
706 2721 755 2784 ipse
764 2722 815 2784 pati
827 2722 835 2769 Ξ

241 2802 255 2854 5
273 2801 327 2853 Nee
336 2800 401 2850 mala
412 2816 436 2850 te
452 2797 555 2848 reddunt
570 2802 655 2848 mitem
669 2795 821 2862 placidumve
836 2800 925 2862 jacenti

306 2879 408 2940 Nostra,
426 2879 512 2944 quibus
526 2879 618 2943 possint
630 2877 781 2938 illactyniate
795 2875 869 2925 fera?

273 2958 326 3012 Nec
337 2961 423 3006 metuis
434 2956 510 3007 dubio
527 2958 637 3006 Fortuna
650 2956 730 3004 stantia
747 2956 772 3002 in
782 2954 841 3003 orbe
872 2972 874 2976 ·

305 3036 404 3090 Numen
414 3069 424 3097 ,
442 3039 469 3086 dc
479 3036 554 3085 exosae
563 3035 636 3088 verba
647 3033 746 3099 superba
757 3029 833 3096 Dee?

891 3111 995 3180 Exiget,
