2334 3917
194 416 906 491 mmmmm

301 570 606 666 Διιιιειι
652 547 801 638 JV.¹

224 755 233 768 ·
290 709 814 796 irrumpitur

197 822 252 940 Sr
264 909 310 959 qua
323 896 382 942 meir
392 893 496 955 fuerint,
514 909 542 945 ut
551 910 638 954 erunt,
653 895 740 944 vitiosa
751 891 856 952 libellis,

228 971 342 1021 Excusata
353 974 397 1022 suo
408 988 516 1038 tempore
528 1009 537 1031 ‚
549 974 635 1026 lector,
647 973 716 1021 habe.
753 1005 754 1010 ,

193 1045 266 1098 Exsul
276 1067 339 1100 eram
352 1069 360 1110 3
373 1055 510 1118 requiesque
522 1054 598 1110 mihi,
612 1067 661 1098 non
676 1049 740 1097 fama
750 1047 823 1111 petita
836 1042 888 1118 este
906 1107 910 1112 ι

227 1129 296 1177 Mens
313 1131 405 1178 intenta
415 1131 500 1177 suisne
514 1129 576 1178 foret
589 1145 661 1194 usque
673 1126 751 1178 malis.

193 1201 248 1254 Hoc
266 1206 317 1261 est.
331 1223 372 1255 cur
383 1221 463 1256 cantet
472 1210 564 1256 vinctus
573 1222 670 1272 quoque
685 1202 800 1269 compede
812 1200 903 1263 fossor,
922 1205 932 1246 l

227 1283 331 1333 lndocili
340 1301 441 1333 numero
451 1284 507 1332 ctim
517 1299 588 1348 grave
605 1284 687 1334 mollit
703 1297 777 1346 opus:

194 1360 285 1412 Cantet
301 1366 340 1421 &‚
359 1365 463 1412 innitent
478 1362 571 1411 limosa
584 1377 672 1426 pronus
682 1374 776 1417 arenae,

227 1437 332 1489 Adverso
341 1438 432 1490 tardam
445 1443 487 1504 qui
502 1441 574 1488 trahit
584 1455 653 1488 amne
666 1451 749 1488 tatem.

192 1517 289 1581 Quique
299 1517 376 1566 ierem
385 1520 471 1582 pariter
479 1516 557 1565 lentot
568 1514 599 1565 ad
610 1519 704 1581 peclota
714 1530 792 1564 remor
802 1553 810 1577 ,

225 1595 253 1643 ln
264 1611 390 1643 numerum
401 1595 469 1660 pulsi
478 1596 574 1644 brachia
582 1595 660 1643 versat
670 1593 740 1659 aqui.

192 1668 272 1721 fellus
284 1687 311 1722 ut
328 1672 435 1720 incubuit
447 1671 533 1720 baculo
545 1705 553 1729 ‚
567 1673 651 1720 saxove
663 1667 748 1720 resedit

225 1749 323 1806 Pastor,
337 1747 468 1799 arundineo
483 1752 589 1798 carmine
604 1749 694 1798 mulcet
708 1763 773 1796 oves.

191 1825 320 1876 Cantabris
334 1830 436 1892 pariter,
454 1829 541 1892 pariter
550 1825 607 1877 clara
620 1827 689 1892 pensa
704 1825 834 1883 trahentis,

222 1903 323 1953 fallitur
331 1904 424 1954 ancillae
434 1903 597 1970 decipiturque
606 1904 681 1953 labor.

189 1979 274 2030 fertur
286 1985 329 2041 bt,
343 1979 444 2030 abduell
455 1981 608 2044 Lyrneside,
623 1982 691 2031 tristis
702 1979 805 2032 Achillea

224 2057 351 2107 Haemonia
362 2075 428 2108 curat
440 2058 569 2110 attenualle
581 2061 642 2122 lyei.

189 2132 257 2183 cum
272 2135 374 2182 traheret
383 2134 454 2184 silvae
463 2135 571 2199 Orpheus
582 2140 607 2184 δι
619 2134 677 2186 durt
688 2131 795 2184 canendo

223 2212 300 2270 Saxa,
321 2212 357 2260 bis
370 2212 456 2260 amissi
466 2217 584 2278 conjuge,
595 2215 687 2264 maestus
702 2228 760 2263 erat.
790 2226 793 2232 ·

189 2287 233 2337 Me
251 2305 348 2353 quoque
359 2289 428 2338 Mula
443 2289 505 2339 levat
517 2292 588 2342 Ponti
599 2292 653 2342 loca
664 2289 723 2356 julla
733 2303 862 2356 petentem.

222 2365 279 2414 Sola
288 2367 458 2417 romesnosteae
470 2369 569 2432 perstitit
579 2369 622 2418 illa
633 2369 703 2432 fugae.

187 2441 244 2490 Sola
260 2458 305 2492 nec
314 2442 427 2504 insidiae,
440 2445 527 2495 Threci
537 2462 582 2495 nec
593 2446 678 2496 militis
689 2447 767 2496 ensem
778 2479 786 2504 ‚

221 2519 273 2568 Nec
290 2536 369 2580 mate,
381 2537 424 2571 net
434 2537 536 2581 ventos,
553 2524 732 2588 barbariemque
743 2527 821 2572 timet.

186 2599 238 2646 Scit
247 2614 344 2665 quoque
355 2633 364 2657 ‚
376 2599 431 2649 crim
449 2604 527 2664 perii,
542 2603 595 2666 quis
609 2617 648 2650 me
666 2599 785 2665 deceperit
800 2615 879 2649 errore

221 2674 251 2723 Et
264 2675 360 2739 culpam
372 2679 397 2724 in
409 2677 489 2736 fallo,
505 2693 555 2728 non
566 2677 658 2736 scelus,
672 2671 719 2727 eise
734 2694 799 2726 meo.

185 2751 283 2801 Scilicet
290 2755 337 2802 hoe
345 2756 397 2818 ipso
407 2771 471 2803 nuuc
482 2772 548 2821 aequa
558 2790 566 2815 ,
584 2755 651 2821 quod
661 2755 742 2806 obfuit
758 2769 812 2804 ante
822 2788 830 2814 ,

219 2827 285 2878 Ctlm
296 2846 392 2879 mecum
402 2834 475 2895 Junlii
486 2836 592 2882 criminis
603 2836 653 2884 adia
663 2848 701 2881 tea
709 2832 750 2880 eil.

185 2905 244 2954 Non
255 2906 367 2972 equidem
377 2908 482 2969 vellem,
495 2913 610 2974 quoniam
619 2912 729 2962 nocitura
739 2908 847 2970 fuerunt,

168 2990 176 2998 ’
219 2982 340 3034 Pib'ridum
349 2986 420 3034 sacris
431 2982 567 3050 imposuill'e
577 3003 684 3036 manum.

185 3060 233 3110 Sed
245 3077 310 3110 nuuc
325 3060 385 3128 quid
399 3063 504 3113 fatiam?
519 3065 554 3114 vis
564 3080 604 3113 me
616 3077 680 3114 tenet
689 3063 738 3130 ipsa
749 3064 862 3116 Sororum
872 3083 879 3114 ι
