2334 3917
213 477 215 481 .
312 408 607 477 Fasaorruar
631 408 814 496 Lana
858 436 898 501 23

218 526 310 577 Nullus
322 543 389 587 erat,
404 530 469 593 Justis
480 527 577 579 reddere
587 533 655 595 jura,
672 531 748 581 labor.

186 604 229 656 Nil
247 609 372 655 mihicum
384 606 463 655 be110=
475 624 559 672 pacem
571 608 693 673 postesque
705 611 807 668 tuebar3

221 687 252 735 Er
269 684 363 735 clavem
373 682 513 745 ostendeus,
530 684 601 739 Haec,
613 690 646 734 ait
653 721 662 745 ‚
674 704 739 736 arma
749 704 815 753 gero.

94 808 98 829 ,
187 760 304 812 Prellerac
314 778 356 811 ora
366 762 431 811 Deus
444 781 449 809 :
463 778 519 811 tunc
532 765 565 810 sic
576 763 656 811 nostra
665 780 708 814 ora
719 765 829 825 resolvo,
905 777 949 823 ²55

221 840 291 888 Voce
301 840 355 888 mei
367 839 557 891 voceseliciente
567 840 623 889 Dei.

187 914 255 966 cum
268 930 307 965 ror
319 920 367 965 sint
379 915 448 976 lani,
464 932 505 965 cur
516 917 559 967 star
569 919 672 968 sacratus
682 921 708 967 in
719 935 786 974 uno,

217 992 268 1043 llic
281 992 322 1041 ubi
338 996 416 1058 juncta
428 994 485 1043 furis
496 994 689 1059 templaduobus
700 998 790 1045 haber?

186 1071 232 1119 Ille
249 1086 323 1119 manu
330 1071 441 1119 mulcens
448 1088 577 1137 propexam
588 1072 619 1123 ad
625 1078 719 1138 pellora
727 1076 843 1136 barbam,

220 1150 333 1197 Protinus
349 1150 436 1199 OEbalii
451 1149 534 1201 retulit
549 1166 616 1201 arnna
631 1153 692 1204 Titi.
850 1187 855 1193 ·
905 1166 952 1204 260

187 1226 272 1291 thue
282 1226 340 1275 levis
358 1227 451 1282 custos,
464 1228 565 1277 armillis
576 1243 645 1293 capta
656 1231 764 1291 Sabinis,

224 1302 262 1352 Ad
278 1305 376 1365 summe
392 1306 491 1355 Tatium
502 1304 597 1355 duxerit
606 1311 666 1357 arcis
676 1311 729 1357 iter.

149 1386 152 1391 '
186 1378 266 1439 Inde,
285 1381 352 1430 velut
362 1398 425 1431 nunc
438 1384 483 1443 est,
498 1401 539 1449 per
550 1401 623 1453 quem
632 1384 774 1441 descenditis
786 1422 794 1448 ,
805 1390 901 1454 inquit,

220 1456 316 1507 Arduus
330 1462 355 1509 in
367 1460 441 1511 valles
456 1466 481 1511 δι
499 1464 560 1512 Fora
577 1463 653 1514 clivus
664 1480 723 1515 erat.

187 1534 219 1583 Er
234 1538 283 1597 jam
298 1538 434 1601 contigerat
450 1554 559 1603 portam,
579 1542 688 1594 Saturnia
706 1548 773 1610 cujus
905 1542 948 1595 2⁶5

208 1612 348 1663 -Demserat
365 1618 482 1683 appositas
498 1616 610 1668 insidiosa
621 1622 690 1669 seras.

187 1688 256 1740 Cum
267 1700 335 1741 tanto
346 1697 433 1743 veritus
445 1697 597 1747 committere
607 1702 705 1749 numine
711 1716 816 1764 pugnam
829 1736 838 1761 ‚

222 1768 274 1831 lpse
284 1785 344 1818 meae
354 1775 420 1821 movi
431 1772 532 1826 callidus
542 1779 599 1823 artis
606 1791 676 1840 opus.

189 1846 306 1910 Oraque,
318 1847 366 1913 qui
378 1849 471 1914 pollens
482 1868 528 1917 ope
539 1856 592 1901 lum
604 1888 612 1912 ‚
625 1853 726 1908 fontana
737 1855 838 1915 reclusi3

221 1926 327 1990 Sumque
342 1932 474 1992 repentinas
486 1930 616 1996 ejacularus
629 1948 709 1997 aquas.

188 2000 252 2049 Ante
265 1998 347 2052 tamen
360 2004 444 2070 gelidis
455 2010 544 2073 subjeci
553 2009 642 2060 sulfura
652 2014 719 2061 venis
726 2046 735 2072 ,

222 2078 355 2131 Clauderet
371 2098 397 2131 ur
411 2084 484 2135 Tatio
503 2086 608 2137 fervidus
623 2091 710 2138 humor
720 2093 775 2139 lter.

188 2152 267 2220 Cujus
277 2172 304 2206 ut
315 2160 405 2209 utilitas
414 2163 487 2227 pulsis
500 2181 611 2231 percepta
620 2169 727 2228 Sabinis,

221 2236 330 2301 Quaque
340 2238 403 2298 fuit,
420 2256 472 2291 tuto
484 2240 578 2292 reddita
589 2244 666 2295 forma
678 2246 733 2296 loco
746 2247 795 2305 est3

186 2313 234 2361 alra
244 2316 305 2363 mihi
319 2319 396 2379 posita
411 2318 454 2372 cll,
469 2334 543 2382 parvo
555 2326 681 2387 conjuncta
693 2324 809 2373 sacello:-

222 2391 280 2439 Haec
298 2390 379 2442 adolet
390 2392 494 2447 flammis
505 2414 560 2451 cum
572 2400 632 2448 strue
645 2400 707 2450 farra
718 2402 773 2457 suis.

189 2468 222 2516 Ar
234 2484 276 2515 cur
291 2483 349 2532 pace
365 2470 442 2521 lates?
459 2478 579 2541 motisque
591 2478 717 2527 recluderis
734 2484 824 2532 armis?

222 2546 274 2595 Nec
286 2564 375 2607 mora·,
391 2556 482 2614 quesiti
495 2552 589 2608 reddita
601 2558 669 2605 causa
682 2560 751 2605 mihi.

188 2621 224 2671 Ut
239 2625 332 2689 populo
343 2624 432 2675 reditus
442 2644 539 2693 pateant
549 2630 579 2681 ad
590 2634 653 2695 bella
661 2635 767 2697 profesio
780 2670 789 2695 ‚

222 2701 288 2749 Tora
300 2718 365 2767 paret
379 2704 460 2757 demrd
470 2712 541 2772 janua
553 2712 631 2760 nostra
642 2713 701 2761 sera.

187 2777 249 2827 Pace
263 2779 327 2828 fores
339 2780 405 2831 obdo
415 2818 423 2843 ‚
435 2801 464 2832 ne
476 2787 524 2850 qul
535 2785 655 2837 discedere
666 2792 758 2853 possit,

222 2854 380 2923 Caesareoque
391 2858 432 2909 diu
442 2866 541 2915 nomine
550 2866 641 2915 clausus
652 2880 702 2916 ero.
797 2930 801 2934 ,

187 2930 273 2991 Dixir3
295 2938 320 2982 b<
331 2932 344 2995 ,’
361 2936 473 2988 attollens
488 2942 579 3009 oculos⁴
591 2942 682 2995 diversa
696 2958 805 3006 tuentes,

221 3012 319 3074 Aspexit
333 3026 386 3062 toto
396 3017 511 3083 quicquid
518 3023 543 3069 in
553 3022 611 3070 urbe
622 3024 677 3072 fuir.

188 3084 237 3135 Pax
247 3102 315 3149 erat3
332 3094 357 3140 ὅ(
372 3093 454 3157 vestri,
466 3096 627 3164 Germanice,
638 3104 708 3153 causa
717 3106 849 3169 triumphi,
889 3167 891 3172 ,
907 3105 950 3165 ²85
