2334 3917
207 412 211 421 ·
282 398 348 477 356
420 390 461 459 P.
487 396 640 462 Otrnn
659 400 853 468 NAsours

250 496 261 544 5
278 490 341 542 Cim
350 492 454 557 gelidum
464 497 590 557 Thracen,
603 504 628 550 bt
638 518 749 566 opertum
758 507 861 555 nubibus
872 507 995 571 Haemon,
1087 505 1088 508 ¹

307 568 337 616 Et
358 574 428 619 maris
442 572 504 623 ionii
523 580 662 627 transieritis
679 597 766 647 aqum

272 645 337 693 -Luce
351 650 430 698 minus
442 649 536 702 decimi
550 652 676 705 dominam
690 661 790 708 venietis
803 663 830 709 in
847 660 963 724 Urbem,

306 723 340 773 Ut
361 725 497 779 festinatum
516 747 566 780 non
584 731 677 783 facietis
692 738 747 785 iter.

273 797 384 849 Protinus
400 804 457 855 inde
474 803 561 857 domus
578 811 647 859 vobis
663 811 778 877 Pompeia
791 828 895 879 petatur.

137 860 139 867 ’
229 890 258 926 ιο
308 877 365 927 Νοιι
383 881 417 931 est
433 884 720 949 Augussojunniorutla
735 891 807 939 Foro.

172 973 177 985 ·
274 958 377 1022 Siquis,
394 974 420 1009 ut
437 964 462 1009 in
481 964 591 1026 populo,
604 966 647 1028 qui
661 967 711 1015 sitis
726 970 749 1015 bt
761 966 841 1028 unde,
853 971 981 1035 requiret:

307 1036 414 1088 Nomina
423 1036 524 1105 decepti
533 1041 646 1107 quelibet
656 1058 712 1091 aure
724 1043 793 1095 fetat.

275 1113 310 1163 Ut
325 1117 356 1163 sit
368 1118 433 1164 enim
453 1131 543 1171 tutum,
563 1122 625 1168 sieut
639 1136 693 1169 reor
710 1118 774 1181 eise,
789 1122 876 1181 fateri,

308 1191 386 1241 Verba
406 1196 485 1241 minus
502 1194 564 1245 terti
583 1194 638 1245 fine
654 1200 748 1247 timoris
768 1200 865 1249 habent.

230 1270 256 1315 ¹5
277 1266 356 1332 Copia
371 1285 415 1319 net
430 1272 514 1331 vobis,
527 1272 578 1321 uilo
588 1274 746 1337 prohibente,
757 1274 855 1327 videndi

309 1334 438 1407 Consulis,
457 1363 484 1397 ut
501 1349 575 1397 limen
583 1340 584 1343 Ἴ
593 1355 758 1416 contigeritis,
769 1356 823 1403 erit.

276 1422 324 1471 Aut
338 1438 404 1487 teget
423 1424 464 1473 ille
483 1427 537 1475 suos
554 1424 658 1478 dicendo
672 1434 724 1494 juta
738 1430 860 1494 Quirites,

308 1498 473 1565 Conspicuum
494 1507 566 1569 signis
582 1504 639 1555 ttitn
653 1523 747 1571 premet
762 1508 823 1558 altus
841 1512 919 1562 ebur:

276 1578 338 1639 Aut,
355 1579 439 1643 populi
455 1580 545 1630 reditus
555 1585 659 1649 positam
670 1600 800 1649 componet
811 1584 842 1635 ad
851 1588 958 1649 hastam,

228 1670 260 1705 so
309 1654 339 1705 Et
356 1659 433 1707 minui
452 1674 544 1722 magne
564 1675 614 1709 non
629 1663 693 1709 sinet
708 1660 782 1711 Urbis
799 1681 865 1728 opes.

277 1731 342 1793 Aut,
358 1748 384 1783 ut
402 1750 471 1784 erunt
489 1736 567 1785 Patres
584 1739 611 1785 in
626 1738 689 1787 iulia
706 1740 795 1805 templa
809 1744 889 1791 vocati
898 1775 908 1802 ,

201 1846 204 1857 .
309 1809 347 1859 De
370 1826 438 1863 tanto
459 1811 537 1879 dignis
559 1812 667 1864 Consule
686 1818 754 1865 rebus
772 1833 835 1883 aget.

277 1886 325 1935 Aut
343 1887 403 1938 feret
420 1890 524 1955 Augusto
542 1889 639 1939 solitam
655 1906 760 1957 natoque
777 1894 896 1961 salutem,

304 1963 388 2029 Deque
403 1983 488 2030 parum
505 1982 565 2015 noto
581 1967 690 2017 consulet
706 1967 797 2020 officio.

233 2044 260 2094 ²5
280 2041 384 2105 Tempus
405 2044 434 2091 ab
449 2045 485 2091 bis
503 2060 607 2093 vacuum
622 2042 702 2113 Cesar
715 2047 870 2098 Germanicus
883 2066 959 2101 otnne

309 2117 408 2168 Auferet
427 2137 434 2167 ι
453 2136 467 2169 a
485 2124 577 2184 magnis
593 2124 658 2171 hunc
674 2123 734 2172 coiit
751 2125 793 2174 ilie
811 2125 877 2175 Deis.

277 2194 342 2247 cum
364 2210 444 2245 tamen
461 2213 475 2246 a
493 2198 561 2245 turba
578 2214 659 2247 rerum
674 2204 817 2265 requieverit
836 2203 943 2264 hatume

310 2274 348 2325 Ad
364 2290 407 2324 vos
424 2276 557 2324 mansuetas
573 2279 679 2341 porriget
692 2277 734 2327 ille
748 2296 847 2340 manus3

278 2350 390 2419 Quidque
401 2369 484 2417 patens
500 2370 545 2418 ego
564 2353 643 2405 vestet·
655 2372 740 2420 agam,
756 2358 853 2409 forttffe
870 2364 994 2427 requiret:

233 2448 263 2495 to
313 2431 382 2481 Talia
402 2448 444 2479 vos
461 2430 498 2481 ilii
514 2429 612 2481 reddere
627 2434 700 2482 verba
713 2434 796 2484 velim.

279 2505 347 2560 Vivit
360 2506 459 2567 adhuc,
482 2510 604 2574 vitemque
621 2510 666 2558 tibi
684 2507 769 2561 debere
783 2513 887 2576 fatetur,

312 2588 391 2648 Quam
409 2585 473 2651 priris
491 2603 504 2635 a
522 2589 577 2636 miti
594 2586 687 2639 Caesare
707 2606 792 2639 munus
808 2593 889 2643 habet.

279 2664 316 2714 Te
333 2665 391 2724 sibi,
407 2664 462 2713 etim
475 2663 568 2729 fugeret
577 2699 585 2724 ,
605 2670 707 2716 memori
721 2667 782 2718 solet
798 2686 839 2718 ote
854 2672 961 2735 referre,

311 2742 428 2793 Barbarie
442 2755 504 2789 tutas
515 2740 646 2791 exhibuiffe
661 2746 720 2792 vias.

235 2822 261 2871 ³5
282 2820 398 2883 Sanguine
416 2818 546 2867 Bistonium
561 2818 628 2884 quod
644 2837 693 2871 non
709 2820 846 2886 tepefecerit
855 2830 953 2892 ensem,

311 2894 428 2945 Effetium
448 2894 504 2944 curti
522 2898 621 2960 pesteris
639 2896 684 2947 effe
703 2902 746 2948 tui.

279 2970 369 3025 Addita
381 2986 492 3037 preterea
506 2974 562 3021 vitre
578 2989 674 3039 quoque
688 2973 763 3024 multe
778 2976 872 3031 tuenda

312 3050 434 3115 Munera,
450 3066 481 3101 ne
494 3053 601 3121 proprios
613 3066 746 3106 attenuaret
763 3068 830 3121 opes.
