2334 3917
301 397 592 467 FASTORUM
613 397 695 467 [ΙΒ.
723 398 795 469 VJ.
849 419 919 489 141'
957 454 961 459 -

236 518 334 578 Mater,
350 522 375 568 dt
386 532 413 567 ut
424 516 510 578 debet,
522 536 577 569 curn
588 520 647 569 Jove
659 523 752 570 summa
765 531 840 573 tenet.

202 596 236 645 At
246 594 317 645 decus
328 612 401 645 omne
411 598 472 645 mihi
480 600 600 661 contingit
610 601 702 663 origine
714 603 809 649 mensis.
894 612 900 629 ⁸
935 626 966 672 75

205 695 209 727 t
237 672 328 721 Unicus
337 672 387 731 est,
404 670 435 721 de
447 688 496 738 quo
507 672 672 733 solicitamur,
687 676 774 725 honor.

204 747 271 811 Quid
279 766 349 813 grave
362 783 370 808 ‚
382 752 401 797 si
414 750 512 799 titulum
523 754 626 810 mensis,
639 752 759 808 Romane,
769 751 855 805 dedisti

239 828 348 877 Herculis
362 830 445 887 uxori,
460 828 628 893 posteritasque
639 838 750 884 memor!

206 905 264 955 Haec
275 922 370 971 quoque
379 921 441 957 terta
450 903 542 970 aliquid
552 903 693 955 debetmihi
703 909 801 962 nomine
812 910 894 974 magni
951 965 954 970 ,

240 982 358 1048 conjugis
369 1002 375 1031 :
388 985 434 1033 nuc
448 997 527 1047 captas
537 984 631 1047 appulit
640 983 682 1033 ille
692 984 774 1036 boves.
936 1010 969 1057 30

207 1058 256 1108 liic
263 1058 326 1109 mali
336 1058 446 1109 defensus
454 1060 572 1120 dammis,
588 1058 680 1110 &dote
690 1062 805 1127 paterni,

241 1135 320 1186 Cacus
329 1138 470 1187 Aventinam
483 1140 595 1203 sanguine
604 1141 675 1190 tinxit
684 1141 797 1189 humum.

208 1211 247 1264 Ad
262 1217 374 1279 propiora
383 1232 458 1267 vocor
469 1234 475 1263 t
488 1216 605 1279 populum
619 1214 718 1281 digessit
729 1218 760 1266 ab
771 1220 839 1269 annis

243 1293 377 1352 Romulus,
388 1297 414 1345 in
426 1308 502 1357 partes
513 1291 677 1358 distribuitque
685 1292 752 1344 duas.

210 1370 269 1420 Haec
279 1369 334 1423 dare
345 1371 489 1429 consilium,
501 1386 606 1435 pugnate
616 1374 720 1435 paratior
729 1370 773 1420 iiia
783 1372 825 1423 est.
940 1391 968 1451 ⁸5

244 1448 301 1496 Haec
313 1462 367 1497 aetas
377 1448 468 1497 bellum
479 1445 578 1508 suadet,
590 1448 664 1497 atille
672 1451 742 1513 gerit.

159 1536 165 1546 ·
210 1525 250 1573 Sic
261 1524 341 1576 statuit
351 1560 360 1587 ,
370 1527 509 1591 mensesque
517 1525 575 1576 notit
587 1527 686 1575 secrevit
696 1525 792 1577 eidem.

244 1603 326 1652 Junius
337 1603 505 1669 estjuvenum3
515 1606 556 1668 qui
568 1602 614 1651 suit
622 1618 675 1653 ante
685 1638 693 1663 ,
704 1605 795 1654 senum.

213 1678 300 1729 Dixit:
313 1684 338 1729 &
351 1683 376 1729 in
387 1680 454 1729 litem
465 1677 542 1729 studio
556 1683 691 1729 certaminis
706 1678 777 1732 issent
784 1697 793 1740 3

246 1759 313 1824 Aque
323 1758 359 1807 iri
370 1762 443 1823 pietas
455 1756 604 1807 dissimulata
614 1756 685 1808 foret.

214 1835 289 1885 Venit
300 1835 426 1900 Apollinei
437 1835 521 1899 longas
535 1833 675 1885 Concordia
685 1835 753 1884 lauro

248 1914 316 1963 Nera
326 1930 406 1963 comas
419 1948 427 1974 ,
443 1910 532 1979 placidi
544 1928 633 1962 numen
645 1929 751 1979 opusque
762 1912 847 1966 Ducis.

217 1990 275 2041 Haec
291 1992 331 2039 ubi
343 1994 447 2043 narravit
459 1992 574 2050 Tatium,
583 1989 726 2057 sortemque
737 1991 880 2055 Quirinum,

246 2070 356 2135 Binaque
366 2085 421 2118 cum
433 2069 527 2133 populis
537 2084 610 2133 regne
619 2065 693 2118 coisse
705 2070 770 2129 suit,
873 2103 877 2110 x

218 2147 249 2197 Et
261 2148 318 2197 Lare
327 2150 451 2198 communi
462 2149 554 2197 soceros
562 2162 707 2213 generosque
714 2162 839 2212 receptos3
946 2168 975 2214 95

251 2226 295 2275 His
304 2241 393 2275 nomeu
402 2228 486 2291 juonis
495 2224 595 2285 iunius,
606 2227 685 2290 inquit
697 2260 705 2284 ‚
720 2226 800 2275 habet.

219 2302 289 2352 Disia
299 2302 384 2368 triplex
394 2304 462 2353 causa
473 2303 505 2353 est
517 2322 522 2351 t
534 2317 559 2351 at
574 2319 617 2354 vos
627 2304 742 2367 ignoscite
752 2338 762 2366 ,
781 2304 864 2361 Dite:

252 2382 298 2429 Res
308 2382 340 2431 est
350 2381 448 2431 arbitrio
457 2397 507 2431 non
517 2378 653 2432 dirimenda
662 2398 728 2434 tneo·

220 2458 256 2508 Ite
265 2474 330 2522 pares
341 2474 403 2507 arne
415 2477 421 2507 t
433 2462 553 2523 perierunt
562 2456 641 2522 judice
654 2458 739 2508 forma

170 2527 174 2533 ’
259 2538 373 2601 Pergama
385 2554 391 2585 t
404 2536 457 2601 plus
468 2535 573 2595 ludunt,
584 2535 659 2601 quim
667 2540 734 2601 juvat
744 2551 790 2587 uua
800 2568 807 2593 ‚
818 2534 879 2587 dita.
936 2551 981 2583 roo

221 2614 324 2665 PRIMA
334 2612 385 2663 dits
396 2615 454 2669 tibi,
465 2612 648 2674 Cerna,datur.
660 2612 712 2661 Dea
720 2611 822 2663 cardinis
830 2616 880 2663 hec
890 2614 932 2668 est.
991 2653 996 2674 „

253 2692 361 2743 Numine
372 2692 450 2747 clausa
461 2695 554 2757 aperit,
566 2688 657 2739 claudit
665 2706 744 2755 aperta
753 2692 806 2758 inq,

221 2767 294 2819 Unde
301 2767 368 2822 datas
375 2770 461 2819 habeat
468 2772 545 2823 vires.
558 2770 681 2817 obscurior
691 2784 743 2820 aevo
831 2785 833 2788 ·

256 2850 329 2897 Fama
341 2865 349 2906 3
363 2845 404 2897 sed
420 2864 433 2897 e
450 2846 529 2896 nostro
546 2849 651 2901 carmine
663 2861 739 2895 certus
750 2848 804 2899 erit.

224 2924 323 2991 Adiacet
334 2927 426 2990 antiqui
437 2924 552 2973 Tiberino
565 2923 632 2971 lucus
642 2923 739 2975 Helerni
750 2941 759 2982 ς
939 2947 981 2993 ¹05
993 2951 999 2972 v.

258 3002 386 3054 Pontifices
399 3002 456 3051 illuc
464 3018 528 3051 nunt
539 3017 636 3067 quoque
646 3003 710 3051 sacra
717 3002 805 3052 serunt.

943 1794 976 1839 9⁰

226 3078 285 3134 Inde
297 3080 347 3134 fata
358 3080 391 3133 est
400 3079 513 3147 Nymphe
521 3080 630 3135 tGrtueu
638 3077 718 3136 disere
727 3084 831 3151 ptiosest
