2334 3917
231 411 534 479 FAsTonrt
556 408 661 476 Lru.
693 408 737 477 V.
793 432 854 499 1²3

169 531 331 597 Insequitur,
343 529 425 594 fugio:
438 528 524 579 fortior
534 528 576 578 ille
589 529 645 579 fult.

136 607 171 659 Et
189 608 292 659 dederat
301 609 370 657 fratri
381 608 467 657 Boreas
478 610 515 671 jus
524 624 598 657 omne
608 611 714 674 rapine,

166 688 246 737 Ausus
255 685 390 737 Ertchrhei
400 688 498 751 praemia
509 684 571 735 ferre
580 684 665 736 domo.

138 763 200 816 Vim
213 780 295 815 tamen
307 762 421 813 emendat
430 762 512 813 dando
520 766 581 813 mihi
593 767 692 815 nomina
701 779 795 831 nuptas
863 789 906 834 ²05

172 844 252 910 Inque
262 860 319 893 meo
329 858 379 892 uon
391 840 424 891 est
435 841 486 891 ulla
496 842 593 907 querela
604 855 668 891 toro.

138 921 205 972 Vere
216 922 284 971 fruor
294 922 400 985 semper:
408 922 459 970 veri
469 918 629 969 nitidissimus
638 936 722 969 annun

172 1000 253 1049 Arbor
265 999 337 1048 habet
348 995 463 1057 frondes,
474 997 560 1062 pabula
572 998 664 1061 semper
672 999 769 1047 huntus.

141 1078 182 1129 Eli
193 1081 254 1126 mihi
263 1074 379 1125 fecundus
390 1073 512 1125 dotalibus
522 1077 607 1124 hortus
614 1078 639 1125 in
649 1078 711 1141 agris
722 1094 729 1123 ε

174 1158 240 1203 Aura
252 1154 320 1204 fover
331 1172 339 1212 i
353 1150 450 1218 liquide
461 1152 528 1203 fonte
539 1155 629 1217 rigatur
639 1170 716 1219 aquae.
866 1178 912 1211 210

143 1232 218 1282 Hunc
232 1248 300 1281 meus
311 1230 423 1296 implevit
432 1233 547 1295 generoso
557 1230 618 1281 flore
624 1234 739 1289 maritust

175 1312 257 1375 Atque
268 1313 303 1361 air
313 1342 322 1369 ‚
337 1310 469 1357 Arbitrium
480 1324 521 1369 ru,
535 1308 605 1369 Dea,
616 1308 682 1359 floris
696 1312 765 1359 lrabe.

144 1388 211 1451 Saepe
222 1402 268 1452 ego
279 1384 380 1451 digestos
391 1385 459 1435 volui
470 1402 596 1435 numerare
606 1387 717 1448 colores,

177 1463 231 1513 Nec
243 1467 312 1529 potui
322 1483 329 1511 z
338 1479 439 1514 nurnero
451 1466 520 1528 copia
531 1468 611 1530 major
621 1480 680 1515 erar.

145 1540 250 1592 Roscida
260 1540 316 1591 etim
327 1540 432 1606 primrlm
444 1539 612 1595 foliisexcuffa
621 1546 707 1609 pruina
715 1544 764 1605 est,
865 1560 909 1611 ²¹5

177 1620 210 1669 Et
227 1622 298 1669 varia
308 1618 379 1669 radiis
389 1623 512 1685 intepuere
524 1636 600 1669 come
613 1638 622 1680 ς

146 1697 304 1750 Conveniunt
314 1700 381 1762 pillis
390 1699 497 1747 incintiae
507 1697 611 1747 vestibus
621 1699 712 1760 Horae,

178 1778 254 1842 Inque
266 1776 329 1825 leves
338 1774 446 1825 calathos
455 1790 556 1825 munera
566 1775 645 1825 nostra
656 1777 748 1841 legunt·

148 1854 259 1904 Protinus
270 1856 385 1917 arripiunt
396 1852 524 1911 Charites,
535 1856 681 1919 nectuntque
693 1870 809 1917 coronas,
879 1900 883 1904 .

179 1934 293 1997 Sertaque
303 1930 408 1981 coelestes
422 1930 569 1996 implicitura
578 1946 668 1980 comat.
866 1954 911 1985 220

86 2008 87 2019 ¹
149 2008 228 2058 Prima
239 2025 280 2073 per
289 2010 417 2058 immensas
428 2011 499 2073 sparsi
510 2024 574 2059 nova
586 2010 676 2060 semina
689 2026 787 2075 gentes:

89 2148 93 2159 Α
179 2084 259 2135 Unius
271 2086 341 2135 tellus
351 2100 406 2137 ante
417 2086 504 2135 coloris
515 2100 574 2137 etat.

150 2165 228 2215 Prima
245 2166 394 2229 Therapnaeo
410 2164 457 2214 feei
469 2163 499 2215 de
508 2166 620 2230 sanguine
631 2165 715 2217 florem
722 2204 732 2230 ‚

180 2243 211 2292 Et
221 2246 336 2293 manerio
345 2243 406 2293 folio
417 2244 502 2307 scripta
510 2244 606 2309 querela
613 2247 668 2295 luo.

152 2320 187 2371 Tu
199 2337 393 2388 quoqueoomen
399 2323 470 2369 habes
481 2322 570 2382 tultos,
583 2321 699 2385 Nartillr,
712 2340 753 2389 per
762 2315 845 2377 liorros
854 2346 909 2395 :225

182 2399 283 2455 infelix,
294 2397 359 2465 quod
370 2416 420 2449 non
431 2400 490 2449 alter
501 2404 526 2448 δι
537 2400 598 2451 alter
608 2403 672 2451 eras!

153 2476 216 2537 Quid
227 2477 338 2537 Croton,
349 2492 390 2527 aut
399 2477 591 2541 Artynreleram,
600 2479 863 2544 Cinyraquecrearum;

183 2556 220 2605 De
231 2572 335 2621 quorum
346 2572 386 2621 per
397 2572 436 2605 me
445 2554 542 2605 vulnere
553 2558 627 2620 surgit
638 2559 733 2607 honori

153 2633 215 2684 Mars
223 2650 336 2701 quoque,
347 2636 367 2683 si
378 2635 453 2684 nescit
464 2666 472 2693 ,
485 2650 526 2698 per
533 2633 622 2683 nostras
631 2630 709 2683 editus
716 2648 776 2683 artes
789 2652 798 2693 ς

182 2714 289 2777 luppiter
300 2714 346 2759 hoc
357 2726 384 2759 ut
394 2708 472 2761 adhuc
483 2712 585 2771 nesciat,
598 2712 671 2776 usque
682 2726 775 2773 precor.
866 2735 913 2780 ²30

155 2789 232 2839 Santra
242 2790 329 2838 Jovem
342 2788 404 2839 Juno
416 2823 425 2845 ,
439 2787 496 2839 nati
506 2791 556 2839 sine
566 2803 643 2838 matre
654 2786 783 2851 Minerva,

103 2884 105 2909 t
184 2864 272 2916 Officio
284 2864 364 2915 doluit
374 2882 424 2916 non
435 2863 522 2931 eguille
533 2869 585 2916 suo.

104 2968 107 3013 3
155 2941 220 3002 ibat,
234 2959 260 2994 ut
272 2944 370 2993 Oceano
378 2960 515 3010 quereretur
526 2944 589 3019 lutra
599 2947 680 2996 mariti
690 2963 698 2997 t

184 3020 277 3071 Restitit
287 3018 317 3071 ad
330 3020 421 3071 nollras
432 3018 490 3073 fella
500 3021 581 3071 labore
593 3022 665 3072 forts.

157 3097 230 3160 Quam
241 3099 314 3151 simul
328 3097 441 3165 adspexit
456 3098 522 3163 Quid
536 3114 577 3161 te,
589 3102 715 3163 Saturnia,
725 3101 792 3168 diri,
867 3117 911 3166 235

692 3184 711 3233 r
728 3186 746 3251 ij
