2334 3917
263 418 537 490 Tursrrvrr
563 415 671 484 Liri.
702 417 747 486 V.
807 424 871 484 261

163 569 872 641 με’-ἕψω.

335 706 591 772 ELEGIA
632 708 706 770 VI.

163 804 243 926 Tu
259 889 357 941 quoque
368 871 502 922 nostrarum
513 868 638 936 quondam
655 868 742 922 fiducia
753 887 850 931 rerum,

197 953 247 1014 Qui
257 955 317 1002 mihi
327 949 485 1014 coniugium,
496 952 538 1014 qui
549 951 611 1013 mihi
622 963 707 1014 portus
719 965 788 1008 παις

163 1031 204 1082 Tu
214 1028 291 1080 modo
303 1030 405 1092 suscepti
414 1029 511 1076 oausam
522 1024 625 1076 dimittis
636 1030 727 1078 amici?

199 1106 330 1173 officiique
338 1109 407 1171 pium
417 1119 469 1154 ram
480 1103 532 1153 citi)
541 1108 611 1169 ponis
619 1121 679 1154 onus
690 1107 699 1156 l

165 1189 262 1237 Sarcina
270 1187 322 1233 sum
334 1217 342 1243 ,
354 1183 450 1241 fateor3
463 1198 537 1247 quam
547 1185 567 1230 ri
578 1197 622 1242 tu,
636 1197 744 1248 tempore
756 1181 834 1244 duro,
905 1205 915 1249 5

198 1264 359 1328 Depositurus
372 1276 422 1310 eras
433 1294 441 1319 ‚
452 1275 504 1308 non
511 1257 633 1310 subeunda
644 1259 699 1310 fuir.

170 1341 293 1392 fluuium
303 1342 329 1388 in
339 1335 424 1388 medii·
433 1353 538 1392 navem.
551 1338 678 1398 Palinure,
691 1338 822 1406 relinquis?

200 1418 239 1469 Ne
251 1417 325 1483 fuge,
340 1433 401 1466 nere
412 1415 454 1466 tul
465 1419 497 1466 rit
510 1419 592 1466 minor
601 1432 651 1468 arte
661 1414 728 1468 fides.

167 1493 296 1563 Numquid
307 1494 428 1546 Achilleos
438 1497 503 1545 inter
514 1494 564 1544 fera
574 1495 661 1560 proelia
672 1494 716 1546 fidi

201 1574 314 1624 Deseruit
323 1572 408 1624 levitas
424 1570 610 1624 Automedontis
621 1589 695 1640 equos
707 1577 716 1623 Ξ
911 1602 938 1634 ,ο

169 1653 249 1716 Quem
259 1651 332 1702 semel
343 1653 436 1716 excepit
446 1683 455 1711 ,
465 1649 585 1717 numquid
595 1649 729 1702 Podalirius
737 1669 802 1718 aegro

202 1726 346 1780 Promiiiam
359 1726 460 1778 medica
469 1745 520 1778 non
529 1728 586 1778 rulir
595 1733 652 1778 artis
663 1734 751 1795 opem?

171 1807 275 1873 Turpids
285 1809 394 1872 ejicitur,
405 1805 481 1873 qudm
493 1822 544 1855 nou
553 1804 708 1867 admittitur,
720 1810 805 1874 hospes
816 1829 823 1858 :

179 1899 183 1903 ’
203 1885 264 1946 Quae
275 1887 374 1951 patuit,
390 1882 478 1934 dextre
493 1883 562 1934 firma
576 1888 608 1934 rit
620 1902 660 1935 ara
676 1903 744 1936 mec.

171 1962 216 2014 Nil
227 1999 236 2024 ,
248 1953 298 2012 'niti
309 1980 348 2012 me
356 1962 447 2017 solum.
460 1961 541 2028 primo
552 1977 642 2012 tutatus
654 1981 695 2024 es;
711 1980 736 2014 at
746 1979 809 2016 nuuc
913 1997 937 2043 ¹i

205 2042 249 2091 Me
257 2044 345 2106 pariter
353 2043 435 2101 serva,
447 2040 614 2110 judiciumque
624 2055 692 2092 tuum
699 2059 708 2104 ;

174 2123 199 2172 Si
208 2118 284 2170 modd
293 2136 344 2169 non
354 2118 505 2186 aliquaestin
512 2137 551 2170 me
562 2137 625 2170 nova
635 2121 720 2187 culpa,
735 2137 847 2190 tuamque

206 2198 334 2252 Mutatunr
340 2195 420 2247 subito
426 2199 527 2249 crimina
534 2199 614 2252 nostra
622 2197 705 2250 iidem.

175 2275 276 2340 Spiritus
285 2275 341 2335 hie,
354 2274 467 2338 scythici
477 2291 551 2340 quem
561 2292 612 2326 non
624 2277 683 2326 bene
700 2275 809 2333 ducimus
819 2282 891 2338 auri,

208 2350 283 2413 Quod
294 2355 365 2416 cupio
378 2386 386 2412 ,
400 2351 516 2402 membris
533 2368 600 2402 exeat
611 2368 665 2410 ante
676 2358 752 2417 meis,
913 2380 942 2411 20

175 2429 257 2492 Quim
273 2446 314 2482 rua
325 2427 412 2482 diletao
423 2429 568 2494 stringantur
578 2433 673 2495 pectora
683 2434 781 2496 nostr03

209 2507 241 2556 Et
252 2506 335 2560 videar
345 2506 434 2558 merito
441 2507 514 2561 vilior
527 2505 574 2562 else
588 2509 642 2567 tibi.

175 2584 235 2636 Non
246 2584 307 2637 adeo
317 2589 363 2636 toti
375 2586 431 2636 satir
442 2601 555 2652 urgemur
565 2589 672 2654 iniquis,

84 2720 85 2731 γ
209 2662 245 2714 Ut
255 2681 309 2714 mea
319 2667 350 2714 rit
357 2664 437 2729 longis
447 2680 514 2714 meras
523 2681 620 2732 quoque
632 2683 699 2718 mora
711 2669 789 2722 malie.

84 2768 85 2787 r
174 2739 250 2805 Finge
262 2756 343 2792 tamen
352 2756 446 2792 motam
458 2758 465 2791 t
477 2746 571 2808 quoties
585 2743 766 2809 Agamemnone
777 2766 859 2806 natum
914 2771 941 2818 ις

211 2815 304 2868 Dixiffe
321 2823 347 2869 in
360 2816 468 2882 Pyladen
478 2822 550 2872 verba
560 2837 672 2886 proterva
680 2830 765 2888 putas?

176 2896 231 2948 Nec
246 2895 332 2960 procul
343 2914 357 2948 a
367 2913 426 2948 vero
436 2897 470 2955 est
480 2932 490 2956 ,
501 2895 569 2964 quod
580 2899 618 2948 vrl
633 2902 732 2965 pulsarit
741 2908 845 2958 amicum
856 2929 862 2960 r

211 2974 304 3026 Mansit
314 2976 342 3023 in
352 2973 438 3027 officiis
448 2992 499 3025 uon
509 2979 587 3025 minus
598 2977 639 3027 ille
649 2981 706 3030 suis.

179 3050 235 3104 Hoc
253 3052 286 3100 est
298 3067 355 3102 cum
366 3055 457 3102 miseris
471 3053 550 3103 solum
561 3072 690 3106 commune
701 3060 791 3124 bearis,

212 3130 338 3186 Ambobus
348 3133 421 3185 tribui
431 3129 499 3203 quod
508 3131 571 3184 solet
580 3135 732 3204 obsequium,
916 3149 950 3196 30
