2334 3917
314 399 606 468 Tursrrurr
629 379 785 490 Lrne'I.
834 384 904 474 ‘175

229 517 261 570 Et
275 520 348 585 longi
357 522 431 584 pietas
443 514 540 567 excidat
551 514 594 563 ista
604 510 652 561 die.

194 594 231 647 Di
248 600 291 647 tibi
302 601 349 647 sint
360 596 459 655 faciles,
480 598 503 643 &
512 595 564 657 opis
575 589 663 639 nullius
672 601 782 653 egentem
933 586 960 639 ¹5

230 677 361 725 fortunam
372 674 497 741 prestent,
509 668 696 731 dissimilemque
712 682 780 714 mere.

196 756 222 803 Si
238 771 318 805 tamen
328 757 377 803 lraec
388 754 454 801 navis
465 763 539 799 vento
552 747 651 796 serretur
659 746 737 793 amico
748 776 758 803 ,

228 836 379 899 lgnoraretur
390 832 492 880 forsitan
509 829 550 877 ista
564 825 633 876 fidet.

194 912 288 962 Thesea
299 912 418 960 Pirithous
430 922 480 957 non
494 921 542 955 tarn
556 900 662 953 sensisset
672 904 794 955 amicum,

229 990 252 1038 Si
262 1005 312 1037 nou
326 987 430 1037 infernas
438 988 506 1035 vivus
515 980 602 1032 adisset
612 997 693 1047 equas.

193 1064 230 1115 Ut
248 1066 311 1115 soret
326 1063 464 1129 exemplum
477 1063 526 1111 veri
538 1059 645 1109 Phocius
662 1060 763 1112 amotis,

228 1146 343 1193 Fecerunt
357 1144 375 1191 F
377 1144 447 1201 urire,
461 1138 530 1189 tristis
541 1138 638 1195 Oresta,
651 1151 707 1185 ture.
834 1192 838 1203 ι

118 1232 121 1238 ’
194 1223 220 1271 Si
231 1238 281 1271 non
293 1220 407 1282 Euryalus
418 1218 520 1267 Rutulos
531 1212 654 1266 cecidiii'er
663 1215 783 1269 inhostes,

228 1296 365 1360 Hyrtacidae
379 1298 438 1347 Niso
450 1296 527 1363 gioria
539 1294 607 1345 nulla
623 1294 695 1345 foret.

194 1376 291 1425 Scilicet
308 1390 333 1424 ut
352 1375 446 1425 fulvum
460 1376 575 1439 spesirtur
585 1375 611 1421 in
622 1373 716 1437 ignibus
727 1386 824 1430 aurum,

227 1454 347 1519 Tempore
367 1456 399 1502 sic
415 1451 476 1502 duro
492 1451 523 1499 est
536 1450 682 1517 inspicienda
693 1448 760 1499 fider.

192 1530 261 1579 Dum
279 1536 360 1596 jurat,
376 1528 479 1581 &vultu
490 1528 550 1578 ridet
561 1530 665 1578 Portuno
677 1530 758 1577 sereno
769 1562 779 1591 ‚

226 1606 369 1659 indelibatas
381 1611 463 1657 cunsia
475 1608 603 1673 sequuntur
614 1622 679 1671 oper.

193 1686 225 1735 At
243 1685 315 1735 simui
328 1688 449 1744 intonuit,
464 1684 559 1749 fugiunt
570 1702 575 1731 :
585 1700 627 1732 nec
639 1681 813 1741 noscituruili,

225 1763 367 1827 agminibus
381 1764 501 1811 comitum
515 1764 556 1827 qui
567 1758 643 1809 modo
654 1762 742 1809 cinitot
752 1773 811 1807 erat.

192 1840 271 1905 Atque
280 1844 330 1889 haec
342 1839 456 1904 exemplis
469 1836 593 1905 quondam
602 1836 703 1886 collecta
715 1840 822 1901 priorum
835 1870 843 1896 ,

226 1918 298 1966 Nunc
308 1919 368 1965 mihi
379 1920 432 1965 sunt
441 1919 542 1981 propriis
556 1918 653 1980 cognita
667 1931 722 1965 vera
732 1914 811 1964 maiis.

192 1994 240 2045 vix
249 1994 298 2045 duo
307 2010 383 2045 tresve
392 1996 452 2043 mihi
461 1992 490 2043 de
502 2006 540 2043 tot
550 1992 671 2058 superestis
682 1996 753 2043 amici
761 1984 775 2043 r

226 2074 314 2124 Cetera
325 2074 450 2132 Fortunae,
466 2088 516 2121 non
525 2088 594 2126 mea,
613 2073 681 2120 turba
690 2071 745 2121 fuit.

193 2150 249 2211 Quo
260 2154 351 2215 magis,
369 2168 385 2200 o
402 2150 488 2215 pauci!
503 2151 571 2199 rebus
585 2151 712 2200 succurrite
723 2149 810 2216 lapsis,

225 2228 256 2277 Et
276 2226 330 2277 date
342 2228 467 2293 naufragio
478 2228 549 2277 litora
560 2244 611 2293 tuta
622 2246 686 2277 meo.

192 2305 260 2355 Neve
271 2321 337 2354 metu
350 2306 409 2355 falso
421 2306 523 2355 nimium
536 2305 652 2370 trepidate
666 2309 810 2369 ‚timenem

224 2384 275 2432 Hac
293 2380 429 2432 offendatur
443 2400 473 2432 ne
485 2388 572 2449 pietate
583 2384 657 2432 Deus.

191 2462 256 2525 Saepe
268 2458 341 2509 fidem
352 2458 453 2509 adversis
463 2464 535 2509 etiam
547 2460 654 2510 laudavit
664 2464 690 2509 in
701 2465 789 2521 arinis,
836 2492 842 2495 -

222 2540 297 2605 Inque
306 2541 352 2589 suis
363 2555 427 2589 amat
439 2542 500 2591 hanc
511 2541 607 2600 Cesar,
625 2544 651 2589 in
661 2542 726 2590 hoste
737 2543 830 2606 probat.

189 2615 269 2667 causa
285 2632 338 2665 mec
353 2616 385 2665 est
405 2618 510 2678 melior,
527 2622 568 2683 qui
580 2634 630 2667 non
641 2624 759 2667 contraria
771 2619 821 2668 fovi

223 2696 314 2752 Arma3
327 2692 368 2743 sed
381 2696 441 2743 hanc
454 2698 529 2745 merui
542 2696 695 2760 simplicitate
708 2697 800 2761 fugam.

190 2770 302 2836 Invigiies
316 2774 389 2835 igitur
399 2772 483 2823 noiiris
491 2790 534 2838 pro
545 2775 650 2829 casibus,
660 2790 705 2825 oro
717 2792 726 2834 3

221 2848 334 2903 Diminui
353 2850 373 2896 si
385 2848 433 2913 qui
447 2852 551 2899 numinis
561 2852 596 2898 ira
606 2850 691 2915 potest,

190 2926 252 2973 Scire
268 2941 335 2974 meos
346 2928 427 2989 siquis
439 2928 503 2975 casus
514 2925 631 2977 desideret
641 2945 723 2977 omnes
733 2946 741 2987 3

222 3002 295 3060 Plus,
315 3002 387 3067 qurirn
399 3004 465 3069 quod
482 3003 532 3054 fieri
544 3022 578 3053 res
590 3009 662 3061 sinit,
671 3008 711 3055 iiie
722 3022 795 3072 petat.

190 3078 239 3131 Tot
249 3080 313 3129 maia
324 3082 377 3130 sum
387 3078 464 3148 pass'ur
476 3116 485 3145 ,
503 3099 564 3150 quot
573 3086 599 3133 in
608 3086 695 3135 aethere
710 3086 785 3135 sidera
795 3088 889 3149 iucent3

732 3162 757 3213 Η
772 3170 798 3220 ir
