2334 3917
270 390 335 455 130
408 365 452 435 P.
481 366 636 433 Ournrr
654 368 850 434 anorrrs

216 491 264 537 440
298 485 420 551 Colligere
432 521 440 545 ‚
461 490 486 537 &
496 485 565 537 nullo
578 502 643 553 terga
653 485 751 536 vidente
762 489 837 553 sequi.

266 566 352 613 Rursus
362 562 424 631 aqui
433 568 524 629 tangit,
534 565 702 630 Temesesque
712 579 841 631 concrepat
849 578 912 624 της

298 640 328 690 Et
339 656 407 706 rogat
424 656 451 691 ut
467 645 532 691 tetris
545 658 612 692 exeat
623 645 708 691 umbra
718 646 773 693 suit.

265 717 330 769 Crini
343 716 404 769 dixit
413 723 512 780 novies,
525 721 610 769 Manes
620 724 683 770 exite
692 724 799 786 paterni.

297 797 418 862 Respicit,
431 802 454 847 dt
467 796 524 863 puri
534 800 598 848 sacra
608 801 701 863 peratis
711 813 787 863 putat.

216 874 335 931 445Diua
349 873 455 925 sicunde
469 874 533 931 dies,
545 892 599 942 qun
610 879 715 925 nominis
727 877 798 925 exstet
808 876 899 942 origo,

297 954 339 1003 Me
348 953 422 1019 fugite
433 970 460 1003 er
470 954 551 1020 aliquo
560 954 593 1002 est
601 951 744 1004 invenienda
751 954 814 1004 Deo.

266 1030 362 1096 Pleiade
368 1046 423 1081 nate
432 1066 440 1092 ,
453 1048 524 1081 moue
533 1067 542 1092 ,
552 1032 620 1097 virgi
633 1031 764 1083 venerande
775 1035 869 1098 potenti
878 1048 888 1091 5

298 1112 363 1175 Saepe
374 1112 417 1159 ribi
429 1112 504 1175 stygii
515 1113 579 1175 regia
589 1112 639 1160 visa
649 1110 724 1161 lovis.

265 1187 339 1236 Venit
353 1185 466 1237 odoratus
478 1186 626 1239 Caducifer:
638 1191 726 1253 Accipe
734 1190 830 1237 causam

215 1274 264 1321 450
298 1264 419 1315 Nominis.
432 1266 465 1315 Ex
474 1267 526 1330 ipso
536 1269 634 1331 cognita
644 1268 713 1315 causa
725 1265 780 1315 Deo
792 1267 832 1314 est.

266 1342 384 1393 Romulus
395 1358 422 1393 ut
432 1343 526 1393 rumulo
537 1343 652 1393 fraternas
661 1341 773 1393 condidit
783 1344 896 1404 umbras,

298 1423 329 1471 Et
343 1420 407 1471 mali
416 1420 495 1471 veloci
505 1420 565 1491 iulia
575 1421 655 1472 soluts
662 1422 758 1485 Remos

265 1501 388 1551 Faustulus
403 1502 506 1563 infelix,
523 1505 548 1551 δι
558 1506 631 1567 passis
639 1503 701 1551 Acca
713 1502 825 1567 capillis,

299 1581 445 1647 spargebant
460 1580 571 1643 lacrymis
582 1577 633 1629 olla
642 1580 733 1645 peruiia
747 1582 803 1631 suis.

216 1660 246 1708 45
254 1656 326 1708 ilnde
337 1657 439 1708 domum
449 1656 549 1708 redeunt
560 1658 602 1707 sub
617 1661 693 1722 primu
704 1658 841 1723 crepuscula
853 1656 926 1707 mesti
938 1673 949 1717 ς

298 1737 380 1804 thue
397 1751 462 1797 erat,
482 1740 507 1786 iu
525 1734 585 1785 duro
605 1738 752 1801 procubuere
767 1752 832 1787 toto.

265 1814 359 1866 Umbra
369 1832 466 1867 cruenta
477 1818 547 1866 Remi
557 1818 606 1867 visa
620 1814 653 1865 est
663 1816 766 1867 assistere
777 1815 855 1872 ledo,

298 1896 377 1960 litque
388 1898 438 1944 hee
449 1898 534 1960 exiguo
550 1910 672 1944 murmure
681 1897 752 1945 verba
763 1892 840 1961 loqui.

266 1970 303 2021 En
320 1988 364 2038 ego
383 1970 511 2023 dimidium
522 1972 607 2033 vestri,
622 1989 721 2039 parsque
736 1971 826 2031 altera,
846 1970 915 2020 rotie

216 2056 266 2107 450
299 2048 398 2100 Cernire
408 2086 415 2110 ,
427 2054 472 2099 sim
482 2049 575 2117 qualiss
590 2052 633 2116 qui
644 2048 720 2099 modo
730 2050 808 2116 qualis
821 2049 898 2099 eratnl

267 2126 314 2187 Qui
328 2163 335 2187 ,
351 2126 427 2179 modo
440 2130 460 2177 si
471 2127 579 2177 volucres
593 2126 726 2178 habuillem
737 2144 809 2194 regna
821 2128 929 2194 jubentes
937 2158 948 2186 ,

298 2206 325 2255 ln
337 2206 428 2271 populo
438 2209 506 2271 potui
519 2209 637 2256 maxi-mus
648 2203 695 2255 elle
704 2206 774 2255 ineo:

265 2284 337 2335 Nunc
346 2284 424 2350 elapsa
433 2287 486 2349 rogi
496 2282 602 2334 flammis
613 2288 638 2334 &
648 2286 725 2334 inanis
736 2287 824 2349 imago.

299 2362 355 2413 Haec
367 2364 436 2413 estex
446 2363 490 2413 illo
502 2362 580 2413 lorino
590 2364 672 2413 reli&
682 2365 768 2413 Remo.

217 2442 319 2502 ursileo
331 2442 338 2491 l
354 2442 395 2510 ulpi
406 2442 471 2491 Mars
484 2456 551 2508 pater
563 2440 615 2494 esti
627 2444 646 2491 si
657 2458 700 2490 vos
708 2436 783 2491 modii
792 2453 849 2489 reta
862 2435 958 2495 locutis

299 2517 427 2584 Uberaque
442 2519 554 2581 exporitis
568 2516 611 2565 ille
622 2516 698 2566 ferina
707 2514 785 2565 dedit·

268 2592 347 2658 Quem
355 2596 411 2663 lupa
420 2597 533 2650 servarit,
549 2610 634 2644 monus
647 2596 711 2643 hunc
722 2592 845 2643 temerarie
854 2590 913 2640 civis

300 2670 416 2725 Perdidit.
429 2674 462 2722 0!
475 2672 567 2740 quanti>
575 2675 659 2722 mitior
669 2671 711 2720 illa
720 2670 785 2720 fuit!

268 2754 332 2805 stre
345 2753 432 2813 Celer,
444 2749 566 2802 crudelem
576 2754 681 2802 animam
692 2741 950 2817 peruulnerareddar,

217 2838 268 2883 470
299 2830 381 2898 thue
392 2848 453 2897 ego,
464 2833 507 2881 iub
518 2846 591 2883 terras
601 2828 795 2895 sanguinolentus
806 2842 853 2875 eas.

217 2924 218 2929 ’
268 2910 356 2961 Noluit
366 2913 413 2961 hoc
424 2912 497 2961 frater
507 2928 513 2958 r
525 2912 599 2976 pietas
606 2907 702 2975 aqualis
711 2910 736 2955 in
746 2905 792 2954 illo
803 2903 845 2953 est.

303 2990 376 3049 Quod
386 2996 483 3056 potuit,
496 2992 612 3055 lacrymas
626 2993 652 3039 in
665 3004 719 3038 mea
732 2986 782 3036 fata
796 2982 872 3034 dedit.

268 3068 339 3120 Hunc
348 3085 391 3123 vos
399 3086 442 3139 per
455 3070 587 3135 lacrymor,
599 3066 724 3135 pervestre
734 3064 958 3125 alimentnrogrte,
