2334 3917
288 357 330 419 82
404 350 447 420 Ρ.
485 354 641 421 Orrnrr
669 356 867 442 NArortrs

285 473 404 528 invenies,
417 476 458 539 qni
471 488 493 523 te
504 475 635 539 Nymplsen
646 474 768 526 Atlantida
778 476 876 535 dicanrs

236 562 283 602 650
295 618 297 621 ι
316 554 399 619 Teque
410 552 463 601 Jovi
474 556 579 617 primos,
592 556 676 614 Anna,
690 552 780 604 dediffe
790 557 867 605 cibos·

283 630 340 679 Haec
348 646 459 697 quoque,
472 648 544 697 quarn
556 632 882 698 reseram,noslraspervenit
891 632 999 685 adaurcr

315 710 388 758 Fama
401 726 461 759 :nec
476 727 489 758 a
502 710 558 759 versi
572 708 670 760 dissidet
684 711 727 760 illa
743 710 801 761 fide.

282 786 351 835 Plebs
366 803 450 843 vetus,
465 792 489 837 dc
504 788 576 839 nullis
591 781 724 839 etiamnum
736 804 788 840 tura
798 791 933 853 Tribunis,

316 864 404 931 Fugit,
421 869 445 916 δι
461 870 486 915 in
499 868 556 915 sacri
568 870 658 917 vertice
669 871 759 918 montis
772 867 833 919 abit.

234 946 335 1001 ‘tuam
348 961 460 1011 quoque,
476 960 548 1009 quem
562 946 642 993 secum
654 945 775 1004 tulerant,
794 944 913 997 defecerat
925 945 984 997 illoc

315 1024 410 1081 Victus,
430 1026 455 1071 dt
472 1024 582 1071 humanis
594 1025 673 1072 usibus
683 1039 738 1088 apta
748 1023 831 1074 Ceres.

282 1102 342 1151 Orts
353 1101 491 1151 suburbanis
503 1099 673 1167 quaedamxsuit
681 1101 750 1151 Aona
758 1101 859 1151 Bovillis

314 1181 405 1245 Pauper
417 1214 425 1239 ,
436 1177 476 1228 sed
487 1177 583 1229 mundae
595 1178 745 1240 sedulitatis,
757 1196 824 1231 anus.

281 1256 326 1307 llla
338 1291 347 1318 ,
363 1256 410 1307 levi
428 1258 499 1307 mitri
510 1274 582 1307 canos
591 1256 702 1307 redimita
710 1258 810 1323 capillos
822 1294 832 1315 ‚

234 1340 283 1395 670
315 1336 431 1401 Fingebat
448 1336 550 1385 tremuli
563 1336 649 1385 rustica
661 1335 711 1385 liba
723 1352 805 1388 manu.

281 1415 358 1480 Atque
372 1418 406 1464 ita
417 1432 458 1481 per
469 1414 585 1480 populum
597 1414 715 1464 fumantia
724 1430 794 1463 mane
802 1413 895 1465 solebat
1082 1387 1084 1446 l

313 1492 443 1543 Dividere:
456 1495 506 1542 harc
517 1492 609 1557 populo
616 1495 685 1557 copia
696 1508 763 1556 grata
773 1491 829 1541 fuit.
1082 1503 1083 1548 l

280 1572 340 1622 Pace
350 1573 418 1621 domi
429 1570 509 1629 lani,
523 1572 618 1635 signum
629 1572 727 1635 posuere
735 1571 867 1629 Perennaes
1082 1551 1083 1630 l

232 1665 234 1673 ·
315 1648 389 1711 Quod
399 1651 444 1699 sibi
456 1647 552 1698 defectis
563 1648 606 1697 illa
617 1645 707 1697 tulisset
715 1664 798 1713 opem.

233 1724 354 1781 ‘YiNunc
366 1731 425 1779 mihi
436 1763 445 1784 ,
466 1745 508 1777 cur
518 1742 632 1787 cantent,
645 1726 764 1793 superest,
775 1727 877 1775 obscena
886 1725 990 1790 puellt,

313 1808 416 1859 Dicere:
428 1824 484 1857 nam
492 1812 580 1857 co'e‘unt
592 1841 601 1865 ,
613 1820 723 1872 certaque
734 1805 820 1869 probra
830 1819 927 1853 canunt.

280 1888 363 1953 Nuper
381 1902 430 1937 crat
442 1886 494 1936 Dea
507 1886 582 1944 fallu
594 1888 661 1936 venit
671 1882 790 1933 Gradivus
796 1880 826 1931 ad
836 1880 930 1931 Annam
941 1915 953 1941 ,

312 1968 343 2016 Et
357 1982 412 2015 curn
423 1964 517 2014 sedusld
528 1964 667 2029 talialverba
675 1962 741 2012 facit.

279 2045 363 2095 Mense
377 2060 432 2093 meo
442 2042 526 2092 coleris
538 2061 545 2091 r
557 2046 687 2107 junximea
698 2056 806 2107 tempora
816 2054 915 2098 tecumt

232 2118 279 2167 ⁶⁸0
312 2121 402 2173 Pendet
413 2123 442 2171 ab
453 2120 535 2171 officio
546 2122 596 2186 spes
606 2124 667 2170 mihi
677 2137 763 2185 magna
773 2136 827 2169 ruo«

279 2202 384 2252 Armiser
391 2200 507 2251 armiferae
518 2214 640 2265 correptus
650 2216 731 2249 amore
742 2200 861 2248 Minerva

309 2280 375 2329 'Uror
387 2299 393 2328 r
407 2284 431 2329 dt
448 2282 494 2327 hoc
504 2278 579 2343 longo
591 2281 699 2343 ternpore
709 2278 797 2327 vulnus
807 2276 857 2327 alo.

277 2356 351 2413 Effice
361 2392 370 2413 ,
382 2355 416 2405 Di
429 2355 506 2406 studio
517 2356 606 2405 similet
616 2361 726 2405 co'e'amus
734 2358 849 2404 inunum.

310 2435 466 2487 Conveniunt
481 2450 556 2500 partes
567 2437 604 2483 hre
613 2436 673 2493 tibi,
689 2437 842 2483 comitanus.

230 2516 385 2581 685Dixerst.
403 2514 447 2563 llla
463 2513 543 2562 Deum
554 2508 672 2577 promisso
682 2510 745 2562 ludit
755 2514 839 2569 inani3

310 2594 341 2643 Et
351 2594 446 2643 stultam
457 2591 531 2641 dubid
541 2593 608 2657 spem
618 2594 692 2641 trahit
701 2607 775 2657 usque
783 2588 862 2639 mord.

279 2676 366 2738 Saepius
380 2672 493 2730 instanti,
506 2668 623 2719 Mandata
633 2672 782 2735 peregimus,
793 2670 874 2735 inquit
885 2684 893 2727 ς

311 2750 403 2800 Evillas
414 2750 521 2815 precibus
529 2752 570 2799 virt
578 2746 647 2797 dedit
657 2748 700 2797 illa
711 2764 805 2796 manus,
866 2757 868 2761 ’

280 2825 375 2877 Gaudet
389 2842 487 2886 amans,
501 2827 668 2892 thalamosque
676 2824 960 2891 paratrdeduciturilltre

229 2904 277 2959 690
310 2905 378 2953 Anna
393 2919 473 2969 tegens
492 2904 587 2963 vultus,
605 2920 632 2955 ut
642 2920 706 2954 nova
720 2919 814 2969 nupta,
829 2906 894 2973 suon

279 2982 367 3033 Oscula
380 2984 512 3042 sumturus,
532 2983 611 3032 subito
623 2984 688 3032 Mars
697 2984 782 3047 aspicit
793 2982 904 3041 Annam3

310 3062 381 3112 Nunc
392 3059 470 3127 pudor
482 3061 590 3123 elusum,
611 3078 675 3111 nunc
694 3063 757 3111 subit
767 3064 821 3123 ira,
836 3060 928 3109 Deum.
