2334 3917
229 393 559 460 -FArtonuu
581 384 685 453 Lru.
711 381 777 452 VI.
829 402 895 467 ¹39

207 509 317 575 Impetus
327 510 366 557 hic
375 508 444 555 sacrae
454 505 544 553 semina
555 502 640 551 mentis
650 499 730 549 habet.

173 586 219 636 Fas
236 589 299 635 mihi
312 582 427 651 precipue
440 581 520 634 vultus
531 577 616 630 vidilse
627 578 751 635 Deorum

209 665 256 714 Vel
268 668 325 730 quia
342 666 394 711 sum
405 675 485 719 vates,
495 657 534 709 vel
545 661 602 723 quia
615 658 679 705 sacra
692 671 762 705 tarto.

94 754 98 761 '
174 741 215 791 Est
230 758 316 792 nemus
334 739 457 789 arboribus
467 735 582 794 densum,
593 735 694 783 secretus
703 733 733 781 ab
745 734 814 781 omui

89 805 90 830 ¹
207 821 277 869 Voce
288 818 376 876 locun
395 818 414 865 ri
426 832 477 865 non
490 813 661 879 obstreperetur
670 813 746 878 aquis.
912 814 943 847 10

174 896 224 947 Hic
240 914 286 962 ego
296 895 449 963 querebam,
462 895 535 957 coepti
548 906 601 957 quae
611 893 698 939 mensis
713 890 783 953 origo

206 973 274 1023 Effer
286 1009 294 1036 ,
313 978 338 1023 ut
349 976 374 1022 in
385 988 442 1021 cura
448 973 553 1021 nominis
560 972 630 1032 hujus
640 984 715 1017 eram.

174 1052 237 1101 Ecce
247 1053 312 1103 Deru
322 1050 372 1105 vidi
382 1070 388 1099 r
400 1067 450 1099 non
462 1066 519 1116 quas
528 1063 659 1113 preceptor
669 1043 753 1095 arandi

207 1128 309 1179 Viderat
320 1163 329 1188 ,
344 1130 446 1177 Ascraeas
457 1127 511 1175 ctlm
523 1128 657 1191 sequeretur
666 1139 734 1173 oves.

89 1274 90 1279 ¹
174 1207 228 1258 Nec
238 1224 298 1273 quas
308 1203 438 1257 Priamides
449 1208 475 1255 in
490 1206 584 1270 aquosae
595 1202 698 1253 vallibus
709 1199 757 1251 lde
913 1212 939 1259 ις

207 1283 342 1335 Contulit:
355 1300 382 1331 ex
393 1282 442 1331 illis
459 1280 500 1331 sed
517 1296 598 1331 tamen
608 1296 655 1331 una
665 1280 721 1330 fuit.
796 1333 805 1341 ,

178 1359 211 1414 Ex
221 1361 272 1411 illis
282 1361 329 1411 fuit
339 1377 386 1411 una
392 1396 401 1421 ,
413 1362 449 1409 sui
459 1375 571 1425 germana
583 1359 675 1411 mariti.

208 1438 266 1489 llaec
278 1454 328 1489 erat
338 1474 346 1500 ,
356 1440 460 1503 agnovi,
473 1454 526 1504 que
535 1437 578 1487 stat
589 1440 615 1487 in
623 1453 676 1488 arce
683 1436 757 1487 lovis.

89 1504 90 1565 l
174 1517 466 1581 Horrueram,tocitoque
477 1518 585 1565 animum
593 1515 684 1581 pallore
693 1513 802 1573 fatebare

208 1594 275 1645 cum
285 1595 427 1661 Det,quos
438 1593 514 1649 fecit,
527 1593 619 1643 sustulit
629 1594 680 1659 ipsa
689 1606 776 1641 metue.
911 1604 941 1636 eo

175 1672 288 1738 Namque
298 1707 306 1733 ,
319 1676 353 1722 ait
363 1707 372 1732 ,
388 1672 409 1721 0
420 1672 503 1722 lvatet
513 1673 618 1721 Romani
628 1669 740 1721 conditor
748 1671 823 1729 anni,

207 1750 268 1799 Ause
278 1767 320 1815 per
329 1754 425 1815 exiguos
436 1766 524 1815 magna
534 1748 623 1798 referre
634 1746 721 1799 modos
731 1765 741 1808 ς

173 1828 215 1877 lus
226 1828 271 1877 tibi
282 1827 356 1877 fecisti
367 1844 456 1877 numen
466 1827 561 1878 cceleste
570 1825 687 1886 videndi,

208 1906 274 1957 Ctltn
287 1906 377 1972 placuit
384 1909 489 1957 numeris
499 1904 603 1957 condere
611 1906 668 1955 seua
676 1905 731 1955 tuit.

174 1983 213 2035 Nc
224 1975 303 2035 temen
311 1986 405 2049 ignores
413 2019 422 2045 ,
429 1984 544 2050 vulgique
556 2000 635 2033 errore
646 1986 759 2044 trabari53

207 2062 289 2111 lunius
300 2078 314 2110 a
324 2062 405 2111 nostro
416 2066 514 2113 nomine
525 2078 615 2111 nomen
625 2063 706 2112 habet.

175 2138 214 2189 Est
225 2138 317 2206 aliquid
326 2130 510 2205 nupsiffe'lovi,
524 2140 579 2190 lovi
595 2138 641 2189 effe
654 2142 770 2191 sororem.

207 2219 286 2267 fratte
302 2221 396 2283 magis,
413 2215 512 2278 dubito,
528 2218 636 2284 glorier,
656 2236 717 2269 anne
727 2223 790 2269 viro.

176 2298 199 2345 Si
210 2312 281 2360 genus
290 2297 417 2361 aspicitur,
429 2297 556 2347 Saturnum
568 2300 645 2362 prime
655 2311 778 2362 parentem

206 2376 259 2423 Feci
269 2393 275 2423 ι
285 2376 379 2425 Saturni
391 2375 439 2423 sorr
451 2390 496 2441 ego
507 2378 584 2441 prima
592 2376 637 2424 fui.

173 2452 192 2501 Α
200 2467 265 2517 putre
275 2450 337 2501 diua
348 2468 403 2502 meo
411 2450 534 2519 quondam
541 2455 649 2503 Saturnia
654 2456 732 2504 Roma
740 2454 788 2513 est3

206 2531 261 2579 llaet
272 2529 309 2580 illi
320 2546 333 2579 a
344 2529 408 2579 coelo
419 2533 527 2594 proxima
536 2545 598 2579 terra
608 2531 664 2580 fuit.
829 2537 831 2540 '

174 2610 198 2658 Si
211 2623 275 2658 torus
286 2610 311 2656 in
322 2611 400 2673 pretio
408 2608 441 2657 est
450 2642 458 2667 ,
467 2606 536 2658 dicor
546 2623 656 2658 matrona
664 2610 800 2665 Tonantis,

204 2686 332 2750 Junetaque
346 2686 450 2750 Tarpeio
461 2687 516 2737 suut
527 2703 580 2736 mea
593 2686 683 2751 templa
693 2686 757 2735 lovi.

174 2765 210 2813 An
223 2766 301 2829 potuit
313 2764 383 2830 Majo
395 2763 473 2827 pellex
481 2762 537 2814 dare
547 2765 748 2816 nominamensi!

205 2843 334 2891 Hichonor
345 2844 370 2891 in
382 2842 451 2891 nobis
461 2840 593 2894 invidiosus
606 2846 668 2893 erit?

89 2952 90 2973 r
174 2917 222 2971 Cur
232 2922 304 2983 igitur
315 2920 652 2988 Regiuavocorl'rincepsque
661 2922 786 2973 Dearumt
875 2941 880 2950 ⁶

205 2998 279 3045 Aurea
289 3014 331 3045 cur
343 2996 431 3047 dextrae
442 3000 532 3063 sceptra
543 2996 629 3049 dedere
639 3003 717 3049 mee?

89 3044 90 3089 Ξ
174 3072 210 3125 Au
220 3074 307 3125 iaciant
315 3076 422 3125 meulent
433 3075 497 3127 luces
509 3110 518 3139 ,
532 3076 668 3146 Lucinaque
679 3077 766 3130 abillis
