2334 3917
280 420 349 499 396
397 383 884 504 P.Ov1n11NAs0urs

309 533 456 601 Idmonaque
466 536 597 594 audacem.
609 556 632 589 ee
642 558 738 609 quoque
747 558 859 608 rumpat,
870 560 941 607 aper.

228 614 343 681 5³slsque
353 614 390 663 vel
406 620 522 665 exanimis
539 617 613 669 satiat
626 622 670 668 tibi
688 621 791 682 vulnus,
807 636 834 669 ut
845 620 900 676 illi,

308 690 357 753 Ora
367 693 436 756 super
448 692 488 743 lixi
500 711 573 761 quem
583 696 688 747 ceciddre
700 700 754 747 suis.

275 770 329 818 Sive
342 767 407 819 idem
422 772 496 821 simili
507 776 576 837 pinus
586 792 658 841 quem
668 791 746 825 morte
757 778 859 841 peremit
870 793 881 824 s
962 829 972 837 s

309 848 425 912 Phryx&
439 866 538 901 venator
552 856 582 901 sis
595 852 788 914 Berecyntiades.

277 928 302 975 Si
312 941 352 977 tua
361 930 490 993 contigerit
498 928 594 978 Mindas
604 935 689 995 puppis
701 948 798 987 arenas.

231 1026 277 1079 qao
311 1006 347 1055 Te
355 1004 513 1069 Corcyraeum
525 1006 620 1058 Cressia
630 1010 699 1057 turba
707 1024 785 1074 putet.

279 1083 455 1151 Lapsuramque
465 1083 566 1135 domum
578 1087 674 1144 subeas,
687 1102 713 1135 ur
727 1089 819 1152 sanguis
835 1085 918 1136 Aleuae
933 1106 943 1136 e

313 1162 387 1211 Stella
403 1160 555 1227 Leoprepidae
570 1164 626 1213 esim
640 1164 687 1213 fuit
699 1182 767 1231 equa
779 1168 844 1214 viro.

280 1238 361 1305 thue
375 1239 413 1291 vel
431 1240 539 1297 Evenus,
553 1244 654 1292 torrenti
667 1241 764 1291 flumine
779 1246 889 1302 mersus,

312 1317 418 1367 Nomina
432 1316 473 1369 des
485 1317 592 1382 rapide,
607 1318 645 1367 vel
665 1320 808 1379 Tiberinus,
827 1336 905 1385 aque.

233 1393 440 1460 5¹5rlliacidaeque
451 1394 540 1455 modo,
555 1394 635 1445 decisa
644 1395 758 1448 cadauere
769 1412 875 1457 trunco,

312 1472 392 1537 Digna
407 1473 480 1533 feris,
494 1474 589 1523 homini
604 1477 635 1523 sie
650 1490 721 1539 capue
735 1476 787 1525 esca
802 1490 883 1523 tuum.

280 1549 401 1618 Quodque
412 1550 492 1603 lerunt
502 1552 606 1603 Brotean
616 1550 696 1602 fetill'e
705 1551 817 1618 cupidine
828 1553 915 1599 moeris
921 1586 934 1612 ,

313 1629 362 1679 Des
376 1645 415 1679 tua
429 1630 543 1680 succense
561 1631 667 1679 membra
686 1626 814 1703 cremqnda
830 1642 907 1693 pyra.

280 1708 434 1774 inclususque
444 1724 526 1757 necem
534 1708 607 1758 cavei
614 1711 708 1772 patiaris
718 1741 726 1766 ‚
738 1722 765 1756 ιιι
772 1705 816 1755 ille

235 1800 281 1843 5²0
314 1786 371 1837 Non
385 1786 525 1852 professura
535 1785 648 1835 conditor
657 1785 769 1835 historie.

282 1863 363 1931 thue
374 1868 488 1930 repertori
499 1867 582 1914 nocuit
592 1866 704 1930 pugnacis
714 1864 803 1917 iambi,

314 1946 352 1991 Sic
364 1944 394 1991 sir
404 1946 429 1991 in
438 1945 537 1991 exitium
551 1943 633 2007 lingua
647 1956 757 2005 proterva
767 1953 845 1989 tuum.

282 2020 363 2085 thue
374 2036 458 2083 parum
471 2019 547 2069 stabili
560 2023 602 2085 qui
617 2022 722 2068 carmine
738 2019 798 2068 laesit
812 2017 937 2082 Athenas,

315 2098 405 2145 lnvisus
418 2112 516 2161 pereas,
528 2095 655 2147 deficiente
667 2097 742 2158 cibo,

236 2174 343 2232 525Urve
357 2172 413 2237 lyrre
431 2188 498 2225 vates
512 2173 588 2223 fertur
605 2171 699 2236 periisse
716 2176 820 2230 severae,

312 2252 392 2303 Causa
407 2256 438 2305 sit
453 2254 518 2301 exitii
532 2246 630 2301 dextera
646 2250 701 2300 lesa
716 2254 762 2302 rui.

281 2330 363 2398 thue
374 2331 564 2396 Agamemnonio
580 2329 667 2379 vulnus
680 2327 748 2379 dedit
765 2332 848 2394 anguis
860 2330 950 2381 Oreste
957 2366 970 2392 ,

314 2412 353 2459 Tu
364 2426 460 2477 quoque
475 2407 505 2459 de
516 2410 595 2457 naorsu
610 2411 675 2457 virus
686 2408 788 2457 habente
800 2406 879 2457 cadas.

283 2492 318 2540 Sit
329 2491 373 2538 tibi
384 2491 490 2553 conjugii
500 2504 548 2535 nox
559 2490 636 2551 prima
645 2487 775 2535 novissima
784 2488 857 2543 uita,

237 2588 246 2631 ς
255 2584 283 2631 30
316 2567 414 2632 Eupolis
425 2569 471 2615 hoc
483 2568 570 2631 periit,
583 2568 607 2613 δι
617 2580 681 2613 nova
691 2577 782 2628 nupta,
792 2559 878 2612 modo.

283 2644 364 2710 thue
375 2644 544 2693 cothurnatum
557 2636 666 2691 cecidisse
677 2641 836 2704 lycophrona
844 2654 963 2703 narrant,

316 2722 411 2773 llaereat
419 2724 445 2769 in
456 2718 519 2769 fibris
531 2718 577 2769 fixa
588 2720 672 2783 sagitta
684 2718 739 2767 tuis'.

286 2805 331 2851 Aur
343 2801 404 2849 lacer
415 2802 441 2847 in
452 2798 516 2847 silvis
528 2797 636 2847 manibus
645 2797 751 2860 spargare
763 2810 879 2854 tuorum,

316 2880 411 2945 Sparsus
421 2890 447 2925 ut
460 2877 493 2927 est
503 2875 592 2925 Thebis
602 2889 678 2938 angue
688 2888 778 2948 creatus
788 2890 843 2923 avo.

239 2977 247 3020 5
257 2977 263 3018 3
272 2960 375 3022 5Pcrque
387 2958 450 3007 feros
460 2966 566 3015 montes,
578 2967 647 3001 tauro
659 2954 781 3015 rapiente,
794 2953 892 3002 traharis
898 2984 909 3012 ,

318 3034 353 3083 Ut
364 3037 436 3083 traha
446 3032 478 3081 est
488 3035 575 3095 eonius
586 3031 713 3094 imperiosa
724 3030 794 3091 Lyci.

285 3107 404 3176 Quodque
415 3112 461 3159 su:
471 3106 536 3174 palla
545 3109 578 3159 est
587 3107 665 3173 pellex
675 3110 752 3163 inrita
760 3106 855 3177 soruri,⁸
