2334 3917
252 370 560 439 FAsrorrsrr
589 369 691 439 Lrn.
718 370 774 439 11.
826 392 870 462 45

186 490 323 557 berigerinr
336 491 414 541 Latias
425 488 489 541 unde
500 494 575 556 petita
585 490 682 542 domos.
738 498 743 507 ⁴
879 495 926 543 ²70

157 567 221 618 Pana
229 598 241 629 ,·
253 568 336 618 Deum
344 571 453 633 peeoris,
463 581 555 619 veteres
565 566 664 618 coluille
673 569 782 620 feruntur

189 646 296 696 Arcades
307 664 315 697 s
327 644 435 697 Arcadiis
445 645 562 710 plurimus
573 645 615 694 ille
625 650 696 711 jugis.

99 778 108 783 ,
159 726 235 775 Testis
246 730 294 775 erit
304 724 413 786 Pholo'e',
429 725 498 775 testes
509 724 687 791 Stymphalides
703 724 790 785 undaes
801 752 805 758 ·

190 804 289 871 Quique
300 806 353 851 citis
363 800 450 852 Ladon
459 806 486 851 in
497 820 563 853 mare
574 806 649 852 currit
659 804 744 869 aquis,

138 924 142 931 ,
160 880 295 947 Cinciaque
302 882 388 947 pinetis
395 882 500 934 nemoris
508 884 564 946 juga
574 880 708 931 Nonacrini
716 915 726 942 ,
881 885 924 929 275

191 956 297 1023 Altaque
307 955 430 1019 Cyllene,
442 956 619 1021 Parrhasiaeque
630 959 706 1005 nives.

162 1035 211 1085 Pan
225 1050 279 1085 erat
287 1036 389 1083 armenti
399 1032 494 1093 custos,
507 1034 557 1085 Pan
568 1050 659 1085 numen
669 1050 784 1101 equarum
796 1053 804 1084 s

194 1114 286 1163 Munus
296 1111 474 1163 ob-incolumes
484 1112 526 1161 ille
538 1112 630 1162 ferebat
638 1129 705 1163 oves.
797 1117 800 1123 '

162 1188 414 1244 TranstulitEvander
423 1190 537 1241 silvestria
546 1195 646 1241 numina
654 1194 751 1253 seeum,

195 1271 246 1321 Hic
257 1271 299 1320 ubi
308 1267 443 1319 nuncUrbs
454 1270 503 1329 est,
516 1284 568 1319 tum
579 1270 647 1320 locus
655 1270 727 1321 Urbis
739 1286 797 1321 erat.
882 1277 930 1327 280

162 1349 223 1401 lude
235 1350 317 1399 Deum
328 1350 445 1411 colimus,
459 1348 604 1417 derelinque
614 1353 678 1401 sacra
689 1352 802 1417 Pelasgis.

195 1428 299 1477 Flamen
308 1425 340 1477 ad
349 1430 415 1487 hac,
430 1430 509 1493 prisco
520 1444 605 1489 more,
617 1428 695 1479 Dialis
709 1445 769 1479 erat.

165 1505 218 1558 Cur
233 1509 307 1571 igitur
317 1520 413 1555 currant
424 1541 432 1566 ,
444 1509 469 1556 δι
480 1522 523 1555 eur
533 1504 544 1572 (
555 1508 590 1555 sic
602 1522 696 1557 currere
707 1506 818 1574 mosell)

197 1582 273 1634 Nuda
282 1582 359 1633 ferant
369 1582 449 1649 positi
459 1584 646 1650 corporeveste,
658 1592 745 1650 rogas?

164 1661 218 1729 lpse
228 1660 295 1711 Deus
304 1660 376 1711 velorr
385 1660 515 1712 discurrere
526 1660 615 1727 gaudet
628 1664 655 1710 in
666 1661 721 1711 altis
887 1666 929 1726 2⁸5

197 1740 345 1800 Montibus,
365 1743 390 1790 δι
404 1740 493 1789 subitas
504 1742 613 1791 eoncitat
624 1739 667 1789 ille
680 1740 750 1789 feras.

166 1818 217 1884 lpse
227 1818 296 1869 Deus
306 1816 384 1867 nudus
393 1816 470 1867 nudos
478 1819 546 1884 lubet
557 1820 592 1867 ire
599 1817 735 1876 ministross

200 1896 254 1947 Nec
270 1899 326 1947 satis
343 1894 373 1947 ad
385 1898 479 1946 cursum
490 1894 623 1946 commoda
631 1895 701 1947 veliis
712 1909 771 1945 erat.

167 1975 232 2027 Ante
246 1974 333 2024 iorem
344 1977 451 2039 genitum
461 2009 471 2034 ,
482 1989 554 2024 terras
564 1972 671 2024 habuilse
682 1973 791 2025 feruntur

201 2050 325 2102 Arcades:
338 2056 363 2103 &
374 2051 443 2105 Luni
450 2068 506 2117 gens
518 2054 583 2118 prior
595 2052 638 2101 illa
648 2052 720 2103 fuit?
740 2050 756 2059 ”
889 2068 936 2117 290

168 2130 229 2182 Vita
238 2129 294 2179 ferae
304 2129 403 2185 similis,
414 2130 496 2179 nullos
506 2134 596 2195 agitata
605 2146 646 2195 per
655 2132 723 2181 usus:
769 2172 774 2180 .

201 2210 269 2259 Artis
279 2206 356 2257 adhuc
369 2224 466 2273 expers,
480 2212 505 2258 δε
516 2206 576 2257 rude
585 2208 671 2273 vulgus
681 2221 757 2260 erant.

169 2288 218 2338 Pro
229 2284 344 2337 domibus
354 2284 451 2337 frondes
462 2300 561 2347 norant,
574 2299 619 2351 pto
633 2286 740 2352 frugibus
748 2286 832 2340 herbas
843 2306 851 2350 3

202 2364 294 2415 Nestor
305 2378 355 2414 erat
368 2356 456 2428 palmis
470 2363 552 2414 hausta
562 2362 656 2413 duabus
664 2380 734 2431 aqua.

169 2441 263 2493 Nullus
274 2441 401 2492 anhelabat
411 2442 454 2490 sub
464 2440 559 2492 adunco
570 2459 668 2492 vomere
678 2458 775 2504 tannes}
891 2470 937 2519 295

204 2520 285 2570 Nulla
293 2521 335 2569 sub
346 2522 450 2586 imperio
459 2533 521 2571 terra
528 2520 631 2571 colentis
640 2536 699 2574 erat.

170 2597 264 2656 liellus
274 2595 353 2647 adbuc
363 2611 413 2647 erat
422 2598 476 2645 usus
486 2599 582 2663 equirse
593 2600 694 2663 quisque
704 2598 810 2651 ferebare

203 2676 261 2725 lbar
275 2677 329 2726 otis
339 2672 395 2723 lani
405 2688 490 2739 eorpus
502 2676 589 2725 annua
602 2674 654 2724 sui.

174 2755 221 2806 Sub
232 2754 294 2804 Jove
304 2749 439 2811 durabant,
451 2755 477 2802 dt
488 2767 590 2816 corpora
602 2750 668 2802 nuda
678 2753 809 2818 gerebant,

204 2832 287 2882 Dubia
299 2846 381 2897 graves
391 2831 478 2879 imbres
488 2832 513 2880 δι
527 2829 629 2881 tolerare
639 2830 728 2881 Notos.
819 2831 821 2834 ’
895 2850 941 2899 300

174 2909 247 2961 Nunc
259 2924 357 2975 quoque
368 2906 469 2967 deusti,
481 2905 588 2957 referunt
595 2923 754 2961 monumenta
765 2914 849 2964 vetulii

206 2988 308 3045 Moris,
324 2989 349 3036 bc
361 2987 469 3055 antiquas
480 2982 636 3035 testificantur
645 3003 712 3053 opes.

176 3064 245 3129 Sed,
265 3080 309 3121 eus
322 3061 440 3139 precipui
454 3062 532 3129 fugire
545 3061 667 3123 velamina
675 3065 788 3131 Faunus,
