2334 3917
288 372 797 501 uirenrxrouroznn.
839 445 906 515 327

223 551 254 603 Er
264 558 314 620 pia,
327 571 377 606 non
388 556 465 620 parvis
476 552 590 612 testibus,
601 567 661 601 utor
676 555 730 602 eris.
928 564 959 603 εο

191 631 271 683 Crede
282 636 359 692 mihi,
379 636 474 698 quoties
490 628 593 680 laudaris
611 632 716 679 carmine
729 627 828 689 nostro,

223 710 283 770 Qun¹
294 711 352 776 legit
359 712 401 760 bas
413 708 509 768 lauder,
520 723 551 757 an
562 723 683 767 mereare,
694 721 771 772 rogat.

190 784 272 853 thue
286 788 366 837 favere
380 804 433 837 reor
446 788 525 853 plures
537 786 666 836 virtutibus
676 785 740 840 istis,

223 868 260 915 Sit
272 881 312 916 tua
321 882 371 916 non
382 882 462 931 paucae
473 878 568 929 carpere
578 863 640 913 ferdia
649 863 746 915 volent·

190 941 291 1004 Quare,
306 959 332 994 tu
346 944 443 1010 presta,
464 960 494 994 ne
516 942 590 992 Livor
608 940 686 991 dicere
702 944 796 1008 possit3
929 943 958 996 65

223 1022 281 1072 Haec
292 1022 324 1071 est
335 1039 379 1088 pro
393 1024 474 1071 miseri
486 1021 551 1071 lenta
563 1020 638 1070 salute
648 1023 704 1071 viri.

190 1094 303 1165 Crimque
314 1116 359 1165 ego
370 1097 497 1153 deficiam,
509 1114 553 1147 nec
564 1102 656 1164 possim
665 1097 752 1148 ducere
765 1112 881 1157 currum,

224 1177 242 1224 F
244 1192 269 1225 ac
282 1192 307 1226 ru
319 1178 428 1227 sustineas
440 1175 519 1227 debile
537 1173 590 1229 sola
604 1180 697 1242 jugum.

191 1251 229 1301 nd
242 1252 362 1303 medicum
374 1257 468 1320 spesto,
479 1259 545 1305 venir
559 1253 721 1319 fugientibus,
735 1269 796 1318 reget
808 1270 815 1301 r

225 1330 319 1380 Ultima
330 1348 381 1397 part
394 1336 479 1383 animae
490 1331 548 1382 dum
564 1334 626 1381 mihi
642 1333 724 1391 restat,
739 1330 806 1380 ades.
926 1330 960 1381 7ο

186 1407 314 1475 ¹Quodque
325 1426 370 1475 ego
380 1411 529 1475 prestarent.
545 1414 563 1460 si
579 1426 602 1460 te
613 1396 688 1475 brigis
699 1411 748 1475 ipse
757 1407 878 1464 valerem,

227 1485 256 1536 id
264 1490 326 1537 mihi
337 1523 345 1548 ,
355 1487 412 1538 crim
427 1489 507 1539 valeat
525 1488 626 1547 fortidr,
637 1489 687 1552 ipse
698 1486 769 1536 refer.

191 1564 272 1630 Exigit
283 1568 327 1616 hoc
338 1566 431 1615 socialis
443 1582 527 1626 amor,
539 1564 666 1631 foedusque
677 1567 791 1613 maritum
804 1584 811 1614 r

224 1644 334 1693 Moribus
345 1646 406 1699 hoc,
424 1649 529 1709 coniux,
542 1646 616 1709 exigis
631 1644 681 1708 ipse
692 1646 747 1692 tuis.

192 1720 247 1771 Hoc
258 1721 342 1771 domui
357 1719 445 1780 debes,
462 1720 493 1771 de
506 1722 553 1788 qui
564 1723 682 1781 censerit,
699 1735 725 1769 ut
740 1720 809 1769 illam
929 1742 962 1791 75

226 1799 282 1848 Non
293 1802 368 1863 magis
380 1796 479 1859 officiis,
491 1799 565 1865 qu'dnr
574 1798 709 1863 probitate,
726 1797 800 1846 colar.

196 1874 289 1925 Cuniia
309 1876 366 1926 iicet
384 1875 473 1934 facias3
492 1878 538 1925 niti
555 1873 746 1934 §inlaudabiiib
762 1891 842 1936 uxor,

226 1954 284 2004 Non
294 1956 383 2019 poterit
395 1952 459 2003 credi
471 1954 563 2003 Marcia
578 1954 643 2003 culta
658 1954 711 2002 tibi.

192 2031 245 2081 Nec
256 2034 335 2081 sumus
345 2030 453 2097 indigni3
464 2048 508 2081 nec
517 2066 526 2094 ,
535 2034 555 2081 ri
562 2035 598 2081 vis
608 2048 662 2081 verr
674 2030 743 2081 fateri
752 2066 762 2093 ,

226 2110 333 2159 Debetur
342 2113 433 2161 meritis
444 2113 520 2176 gratia
529 2110 597 2160 nulla
606 2114 675 2159 meir.
928 2101 961 2151 ⁸0

192 2184 310 2235 Redditur
321 2187 363 2237 illa
374 2187 474 2253 quidem
490 2186 575 2254 grandi
592 2196 648 2237 cunr
666 2189 748 2240 fenore
762 2188 849 2252 nobis,

224 2263 275 2313 Nec
288 2279 327 2324 te,
340 2268 360 2313 ri
371 2269 451 2330 cupiat
461 2265 547 2331 ledere
558 2301 566 2325 ,
577 2266 651 2315 Livor
663 2269 745 2318 haber.

191 2340 238 2390 Sed
250 2356 329 2389 tamen
340 2344 387 2390 hoc
398 2342 464 2393 fastis
476 2341 578 2407 adjunge
590 2344 708 2407 prioribus
721 2360 795 2394 unum
805 2361 814 2404 3

226 2420 272 2467 Pro
283 2418 367 2467 nostris
379 2434 405 2467 ut
417 2422 447 2467 sis
456 2420 583 2469 ambitiosa
595 2421 674 2469 malis.

190 2497 226 2548 Ut
237 2500 316 2546 minue
327 2496 411 2547 infesti
421 2500 512 2562 jaceam
523 2500 638 2562 regione,
650 2498 745 2559 labora,
928 2499 957 2562 85

224 2573 320 2627 Claude
330 2590 373 2623 nec
383 2570 458 2623 officii
470 2592 522 2639 pars
534 2576 578 2624 erit
589 2574 639 2624 ulla
649 2578 694 2624 tui.

166 2711 168 2717 s
192 2655 282 2720 Magna
301 2669 359 2720 peto
371 2689 379 2714 ,
391 2652 430 2704 sed
447 2670 497 2703 non
508 2669 589 2703 tamen
599 2652 719 2703 invidiosa
728 2656 835 2719 roganti.

225 2733 307 2798 thue
324 2748 351 2782 ea
362 2750 411 2783 non
426 2747 525 2792 teneas,
543 2746 596 2781 tuta
605 2731 699 2797 repulsa
709 2746 750 2781 tua
764 2733 806 2783 est.

193 2810 245 2862 Nec
257 2813 317 2859 mihi
330 2812 457 2869 succense,
469 2812 539 2859 toties
548 2811 567 2857 si
577 2812 682 2858 carmine
691 2810 788 2870 nostro,

227 2886 300 2947 Quod
307 2887 382 2949 facis,
397 2902 424 2937 ut
440 2887 529 2947 facias,
541 2901 612 2952 teque
620 2888 730 2940 imitere,
742 2902 812 2953 rogo.
927 2897 960 2950 90

135 3030 137 3037 Ι
195 2964 307 3015 Fortibus
318 2964 418 3017 assuevit
428 2967 524 3016 tubicen
535 2961 644 3032 prodeffe
657 2981 665 3024 3
679 2966 771 3033 suoque

230 3040 285 3089 Dux
301 3045 360 3094 bene
371 3059 503 3110 pugnantes
511 3046 597 3093 incitat
605 3058 647 3093 ore
657 3045 731 3094 viros.

197 3115 263 3167 Nora
279 3134 319 3171 tua
333 3122 365 3171 est
379 3124 504 3188 probitas,
519 3121 648 3189 testataque
659 3138 753 3190 tempor
762 3124 788 3173 in
798 3140 897 3178 omnerr
