<?xml version="1.0" encoding="UTF-8"?>
<!DOCTYPE html PUBLIC "-//W3C//DTD XHTML 1.0 Transitional//EN"
    "http://www.w3.org/TR/xhtml1/DTD/xhtml1-transitional.dtd">
<html xmlns="http://www.w3.org/1999/xhtml" xml:lang="en" lang="en">
 <head>
  <title>
</title>
<meta http-equiv="Content-Type" content="text/html;charset=utf-8" />
  <meta name='ocr-system' content='tesseract 3.04.00' />
  <meta name='ocr-capabilities' content='ocr_page ocr_carea ocr_par ocr_line ocrx_word'/>
</head>
<body>
  <div class='ocr_page' id='page_1' title='image "./povidiinasoniso05ovidgoog_0367.png"; bbox 0 0 2334 3917; ppageno 0'>
   <div class='ocr_carea' id='block_1_1' title="bbox 131 354 859 445">
    <p class='ocr_par' dir='ltr' id='par_1_1' title="bbox 131 354 859 445">
     <span class='ocr_line' id='line_1_1' title="bbox 131 354 859 445; baseline 0.041 -28"><span class='ocrx_word' id='word_1_1' title='bbox 131 388 138 397; x_wconf 87' lang='lat'><em>-</em></span> <span class='ocrx_word' id='word_1_2' title='bbox 220 354 739 427; x_wconf 65' lang='lat' dir='ltr'>uriennxpwroan.</span> <span class='ocrx_word' id='word_1_3' title='bbox 793 378 859 445; x_wconf 84' lang='lat'>359</span> 
     </span>
    </p>
   </div>
   <div class='ocr_carea' id='block_1_2' title="bbox 174 524 590 605">
    <p class='ocr_par' dir='ltr' id='par_1_2' title="bbox 174 524 590 605">
     <span class='ocr_line' id='line_1_2' title="bbox 174 524 590 605; baseline -0.026 -14"><span class='ocrx_word' id='word_1_4' title='bbox 174 524 590 605; x_wconf 40' lang='grc' dir='ltr'>μ-Ἓ-..ῑ--ξὲῆᾒξ</span> 
     </span>
    </p>
   </div>
   <div class='ocr_carea' id='block_1_3' title="bbox 601 548 851 587">
    <p class='ocr_par' dir='ltr' id='par_1_3' title="bbox 601 548 851 587">
     <span class='ocr_line' id='line_1_3' title="bbox 601 548 851 587; baseline -0.008 -2"><span class='ocrx_word' id='word_1_5' title='bbox 601 548 851 587; x_wconf 33' lang='grc' dir='ltr'>...ψῃ-...θ</span> 
     </span>
    </p>
   </div>
   <div class='ocr_carea' id='block_1_4' title="bbox 260 684 750 907">
    <p class='ocr_par' dir='ltr' id='par_1_4' title="bbox 260 684 750 907">
     <span class='ocr_line' id='line_1_4' title="bbox 260 684 750 747; baseline -0.004 0"><span class='ocrx_word' id='word_1_6' title='bbox 260 684 601 747; x_wconf 78' lang='lat' dir='ltr'><strong>EPISTOLA</strong></span> <span class='ocrx_word' id='word_1_7' title='bbox 639 686 750 747; x_wconf 91' lang='lat' dir='ltr'><strong>VII.</strong></span> 
     </span>
     <span class='ocr_line' id='line_1_5' title="bbox 359 843 666 907; baseline -0.007 -1"><span class='ocrx_word' id='word_1_8' title='bbox 359 843 666 907; x_wconf 85' lang='lat' dir='ltr'><em>VESTALI.</em></span> 
     </span>
    </p>
   </div>
   <div class='ocr_carea' id='block_1_5' title="bbox 92 937 936 2699">
    <p class='ocr_par' dir='ltr' id='par_1_5' title="bbox 92 937 936 2699">
     <span class='ocr_line' id='line_1_6' title="bbox 156 937 868 1069; baseline 0.003 -17"><span class='ocrx_word' id='word_1_9' title='bbox 156 937 316 1056; x_wconf 71' lang='lat' dir='ltr'>Missus</span> <span class='ocrx_word' id='word_1_10' title='bbox 328 1022 351 1053; x_wconf 85' lang='lat' dir='ltr'>es</span> <span class='ocrx_word' id='word_1_11' title='bbox 363 1004 464 1053; x_wconf 76' lang='lat' dir='ltr'>Euxinas</span> <span class='ocrx_word' id='word_1_12' title='bbox 475 1006 604 1069; x_wconf 82' lang='lat' dir='ltr'>quoniam,</span> <span class='ocrx_word' id='word_1_13' title='bbox 614 1004 714 1054; x_wconf 74' lang='lat' dir='ltr'>Vestalis</span> <span class='ocrx_word' id='word_1_14' title='bbox 723 1039 730 1063; x_wconf 91' lang='lat'>‚</span> <span class='ocrx_word' id='word_1_15' title='bbox 740 1002 770 1052; x_wconf 83' lang='lat' dir='ltr'>ad</span> <span class='ocrx_word' id='word_1_16' title='bbox 779 1002 868 1065; x_wconf 76' lang='lat' dir='ltr'>undas,</span> 
     </span>
     <span class='ocr_line' id='line_1_7' title="bbox 188 1079 669 1147; baseline -0.002 -18"><span class='ocrx_word' id='word_1_17' title='bbox 188 1080 223 1129; x_wconf 92' lang='lat' dir='ltr'>Ut</span> <span class='ocrx_word' id='word_1_18' title='bbox 234 1084 315 1145; x_wconf 84' lang='lat' dir='ltr'>positis</span> <span class='ocrx_word' id='word_1_19' title='bbox 326 1079 410 1130; x_wconf 80' lang='lat' dir='ltr'>reddas</span> <span class='ocrx_word' id='word_1_20' title='bbox 425 1086 476 1147; x_wconf 85' lang='lat' dir='ltr'>jura</span> <span class='ocrx_word' id='word_1_21' title='bbox 487 1082 528 1129; x_wconf 89' lang='lat' dir='ltr'>sub</span> <span class='ocrx_word' id='word_1_22' title='bbox 542 1097 583 1129; x_wconf 83' lang='lat' dir='ltr'>axe</span> <span class='ocrx_word' id='word_1_23' title='bbox 597 1081 669 1139; x_wconf 79' lang='lat' dir='ltr'>locis3</span> 
     </span>
     <span class='ocr_line' id='line_1_8' title="bbox 155 1159 783 1224; baseline 0 -16"><span class='ocrx_word' id='word_1_24' title='bbox 155 1160 246 1223; x_wconf 76' lang='lat' dir='ltr'>Aspicis</span> <span class='ocrx_word' id='word_1_25' title='bbox 264 1175 313 1217; x_wconf 83' lang='lat' dir='ltr'>en,</span> <span class='ocrx_word' id='word_1_26' title='bbox 331 1159 437 1217; x_wconf 74' lang='lat' dir='ltr'>Praests,</span> <span class='ocrx_word' id='word_1_27' title='bbox 453 1159 519 1224; x_wconf 84' lang='lat' dir='ltr'>quali</span> <span class='ocrx_word' id='word_1_28' title='bbox 532 1162 652 1223; x_wconf 72' lang='lat' dir='ltr'>iaceamus</span> <span class='ocrx_word' id='word_1_29' title='bbox 667 1162 693 1206; x_wconf 91' lang='lat' dir='ltr'>in</span> <span class='ocrx_word' id='word_1_30' title='bbox 708 1176 783 1218; x_wconf 84' lang='lat' dir='ltr'>arvo;</span> 
     </span>
     <span class='ocr_line' id='line_1_9' title="bbox 191 1235 710 1302; baseline 0.002 -19"><span class='ocrx_word' id='word_1_31' title='bbox 191 1235 242 1283; x_wconf 87' lang='lat' dir='ltr'>Nec</span> <span class='ocrx_word' id='word_1_32' title='bbox 264 1253 302 1283; x_wconf 88' lang='lat' dir='ltr'>me</span> <span class='ocrx_word' id='word_1_33' title='bbox 320 1236 381 1285; x_wconf 86' lang='lat' dir='ltr'>testis</span> <span class='ocrx_word' id='word_1_34' title='bbox 401 1239 445 1285; x_wconf 85' lang='lat' dir='ltr'>eris</span> <span class='ocrx_word' id='word_1_35' title='bbox 464 1236 522 1285; x_wconf 78' lang='lat' dir='ltr'>falsa</span> <span class='ocrx_word' id='word_1_36' title='bbox 541 1236 616 1285; x_wconf 84' lang='lat' dir='ltr'>solere</span> <span class='ocrx_word' id='word_1_37' title='bbox 634 1240 710 1302; x_wconf 85' lang='lat' dir='ltr'>queri.</span> 
     </span>
     <span class='ocr_line' id='line_1_10' title="bbox 158 1310 902 1377; baseline 0.003 -15"><span class='ocrx_word' id='word_1_38' title='bbox 158 1310 263 1362; x_wconf 74' lang='lat' dir='ltr'>Accedet</span> <span class='ocrx_word' id='word_1_39' title='bbox 283 1316 338 1363; x_wconf 86' lang='lat' dir='ltr'>voci</span> <span class='ocrx_word' id='word_1_40' title='bbox 356 1330 397 1377; x_wconf 88' lang='lat' dir='ltr'>per</span> <span class='ocrx_word' id='word_1_41' title='bbox 417 1330 439 1364; x_wconf 86' lang='lat' dir='ltr'>te</span> <span class='ocrx_word' id='word_1_42' title='bbox 456 1330 506 1363; x_wconf 90' lang='lat' dir='ltr'>non</span> <span class='ocrx_word' id='word_1_43' title='bbox 526 1318 593 1364; x_wconf 80' lang='lat' dir='ltr'>irrita</span> <span class='ocrx_word' id='word_1_44' title='bbox 611 1315 710 1369; x_wconf 64' lang='lat' dir='ltr'>nostrae,</span> <span class='ocrx_word' id='word_1_45' title='bbox 888 1331 902 1377; x_wconf 67' lang='lat' dir='ltr'>t</span> 
     </span>
     <span class='ocr_line' id='line_1_11' title="bbox 92 1388 686 1457; baseline 0.003 -18"><span class='ocrx_word' id='word_1_46' title='bbox 92 1403 96 1415; x_wconf 75' lang='lat'>¹</span> <span class='ocrx_word' id='word_1_47' title='bbox 196 1388 288 1453; x_wconf 82' lang='lat' dir='ltr'>Alpinis</span> <span class='ocrx_word' id='word_1_48' title='bbox 307 1394 400 1455; x_wconf 70' lang='lat' dir='ltr'>Juvenis</span> <span class='ocrx_word' id='word_1_49' title='bbox 419 1394 513 1457; x_wconf 81' lang='lat' dir='ltr'>regibus</span> <span class='ocrx_word' id='word_1_50' title='bbox 533 1408 598 1447; x_wconf 88' lang='lat' dir='ltr'>orte,</span> <span class='ocrx_word' id='word_1_51' title='bbox 619 1390 686 1441; x_wconf 86' lang='lat' dir='ltr'>fides.</span> 
     </span>
     <span class='ocr_line' id='line_1_12' title="bbox 158 1466 771 1535; baseline 0.003 -18"><span class='ocrx_word' id='word_1_52' title='bbox 158 1468 210 1533; x_wconf 91' lang='lat' dir='ltr'>lpse</span> <span class='ocrx_word' id='word_1_53' title='bbox 227 1466 292 1517; x_wconf 79' lang='lat' dir='ltr'>vides</span> <span class='ocrx_word' id='word_1_54' title='bbox 310 1468 372 1519; x_wconf 66' lang='lat' dir='ltr'>certe</span> <span class='ocrx_word' id='word_1_55' title='bbox 391 1469 467 1535; x_wconf 79' lang='lat' dir='ltr'>glacie</span> <span class='ocrx_word' id='word_1_56' title='bbox 482 1472 632 1519; x_wconf 79' lang='lat' dir='ltr'>concrescere</span> <span class='ocrx_word' id='word_1_57' title='bbox 649 1470 771 1519; x_wconf 78' lang='lat' dir='ltr'>Pontum:</span> 
     </span>
     <span class='ocr_line' id='line_1_13' title="bbox 193 1545 676 1611; baseline 0 -18"><span class='ocrx_word' id='word_1_58' title='bbox 193 1546 243 1610; x_wconf 89' lang='lat' dir='ltr'>lpse</span> <span class='ocrx_word' id='word_1_59' title='bbox 259 1545 325 1596; x_wconf 89' lang='lat' dir='ltr'>vides</span> <span class='ocrx_word' id='word_1_60' title='bbox 342 1545 421 1611; x_wconf 80' lang='lat' dir='ltr'>rigido</span> <span class='ocrx_word' id='word_1_61' title='bbox 441 1547 525 1595; x_wconf 76' lang='lat' dir='ltr'>stantia</span> <span class='ocrx_word' id='word_1_62' title='bbox 541 1549 597 1595; x_wconf 84' lang='lat' dir='ltr'>vina</span> <span class='ocrx_word' id='word_1_63' title='bbox 612 1546 676 1611; x_wconf 79' lang='lat' dir='ltr'>gelu.</span> 
     </span>
     <span class='ocr_line' id='line_1_14' title="bbox 161 1620 739 1687; baseline -0.002 -14"><span class='ocrx_word' id='word_1_64' title='bbox 161 1622 217 1687; x_wconf 67' lang='lat' dir='ltr'>lpse,</span> <span class='ocrx_word' id='word_1_65' title='bbox 227 1623 310 1683; x_wconf 86' lang='lat' dir='ltr'>vides,</span> <span class='ocrx_word' id='word_1_66' title='bbox 327 1638 426 1673; x_wconf 83' lang='lat' dir='ltr'>onerata</span> <span class='ocrx_word' id='word_1_67' title='bbox 442 1624 509 1675; x_wconf 82' lang='lat' dir='ltr'>ferox</span> <span class='ocrx_word' id='word_1_68' title='bbox 531 1640 557 1672; x_wconf 90' lang='grc' dir='ltr'>ιιι</span> <span class='ocrx_word' id='word_1_69' title='bbox 576 1620 649 1675; x_wconf 89' lang='lat' dir='ltr'>ducat</span> <span class='ocrx_word' id='word_1_70' title='bbox 668 1623 739 1684; x_wconf 81' lang='lat' dir='ltr'>lazyx</span> 
     </span>
     <span class='ocr_line' id='line_1_15' title="bbox 195 1700 925 1766; baseline -0.003 -17"><span class='ocrx_word' id='word_1_71' title='bbox 195 1702 238 1750; x_wconf 89' lang='lat' dir='ltr'>Per</span> <span class='ocrx_word' id='word_1_72' title='bbox 255 1700 344 1751; x_wconf 83' lang='lat' dir='ltr'>medias</span> <span class='ocrx_word' id='word_1_73' title='bbox 359 1702 410 1751; x_wconf 80' lang='lat' dir='ltr'>istri</span> <span class='ocrx_word' id='word_1_74' title='bbox 428 1701 529 1766; x_wconf 84' lang='lat' dir='ltr'>plaustra</span> <span class='ocrx_word' id='word_1_75' title='bbox 544 1701 661 1749; x_wconf 89' lang='lat' dir='ltr'>bubulcus</span> <span class='ocrx_word' id='word_1_76' title='bbox 681 1717 761 1765; x_wconf 78' lang='lat' dir='ltr'>aquae.</span> <span class='ocrx_word' id='word_1_77' title='bbox 896 1730 925 1763; x_wconf 60' lang='grc' dir='ltr'><strong>ω</strong></span> 
     </span>
     <span class='ocr_line' id='line_1_16' title="bbox 161 1776 747 1843; baseline -0.003 -14"><span class='ocrx_word' id='word_1_78' title='bbox 161 1778 252 1843; x_wconf 73' lang='lat' dir='ltr'>Aspicis</span> <span class='ocrx_word' id='word_1_79' title='bbox 269 1785 293 1829; x_wconf 78' lang='grc' dir='ltr'>δι</span> <span class='ocrx_word' id='word_1_80' title='bbox 312 1782 377 1829; x_wconf 86' lang='lat' dir='ltr'>mitti</span> <span class='ocrx_word' id='word_1_81' title='bbox 393 1779 435 1839; x_wconf 69' lang='lat' dir='ltr'>sub</span> <span class='ocrx_word' id='word_1_82' title='bbox 456 1776 550 1827; x_wconf 86' lang='lat' dir='ltr'>adunco</span> <span class='ocrx_word' id='word_1_83' title='bbox 567 1781 647 1828; x_wconf 77' lang='lat' dir='ltr'>toxica</span> <span class='ocrx_word' id='word_1_84' title='bbox 662 1778 747 1838; x_wconf 75' lang='lat' dir='ltr'>ferr03</span> 
     </span>
     <span class='ocr_line' id='line_1_17' title="bbox 199 1854 711 1908; baseline -0.004 -3"><span class='ocrx_word' id='word_1_85' title='bbox 199 1857 228 1905; x_wconf 84' lang='lat' dir='ltr'>Et</span> <span class='ocrx_word' id='word_1_86' title='bbox 250 1858 325 1908; x_wconf 86' lang='lat' dir='ltr'>telum</span> <span class='ocrx_word' id='word_1_87' title='bbox 344 1858 422 1906; x_wconf 80' lang='lat' dir='ltr'>causas</span> <span class='ocrx_word' id='word_1_88' title='bbox 441 1860 526 1905; x_wconf 90' lang='lat' dir='ltr'>mortis</span> <span class='ocrx_word' id='word_1_89' title='bbox 542 1857 628 1907; x_wconf 81' lang='lat' dir='ltr'>habere</span> <span class='ocrx_word' id='word_1_90' title='bbox 643 1854 711 1904; x_wconf 77' lang='lat' dir='ltr'>durs.</span> 
     </span>
     <span class='ocr_line' id='line_1_18' title="bbox 164 1926 825 2001; baseline -0.008 -15"><span class='ocrx_word' id='word_1_91' title='bbox 164 1937 242 2001; x_wconf 79' lang='lat' dir='ltr'>Atque</span> <span class='ocrx_word' id='word_1_92' title='bbox 261 1938 353 1984; x_wconf 86' lang='lat' dir='ltr'>utinam</span> <span class='ocrx_word' id='word_1_93' title='bbox 370 1951 424 1999; x_wconf 81' lang='lat' dir='ltr'>pars</span> <span class='ocrx_word' id='word_1_94' title='bbox 440 1936 490 1983; x_wconf 78' lang='lat' dir='ltr'>haec</span> <span class='ocrx_word' id='word_1_95' title='bbox 507 1948 601 1983; x_wconf 82' lang='lat' dir='ltr'>tantum</span> <span class='ocrx_word' id='word_1_96' title='bbox 618 1936 718 1997; x_wconf 69' lang='lat' dir='ltr'>speciata</span> <span class='ocrx_word' id='word_1_97' title='bbox 731 1926 825 1982; x_wconf 80' lang='lat' dir='ltr'>fuilset!</span> 
     </span>
     <span class='ocr_line' id='line_1_19' title="bbox 199 2011 751 2077; baseline -0.005 -15"><span class='ocrx_word' id='word_1_98' title='bbox 199 2014 257 2062; x_wconf 91' lang='lat' dir='ltr'>Non</span> <span class='ocrx_word' id='word_1_99' title='bbox 277 2016 349 2062; x_wconf 77' lang='lat' dir='ltr'>etiam</span> <span class='ocrx_word' id='word_1_100' title='bbox 369 2014 467 2077; x_wconf 91' lang='lat' dir='ltr'>proprio</span> <span class='ocrx_word' id='word_1_101' title='bbox 487 2015 583 2076; x_wconf 76' lang='lat' dir='ltr'>cognita</span> <span class='ocrx_word' id='word_1_102' title='bbox 602 2012 681 2060; x_wconf 82' lang='lat' dir='ltr'>Marte</span> <span class='ocrx_word' id='word_1_103' title='bbox 698 2011 751 2060; x_wconf 88' lang='lat' dir='ltr'>tibi.</span> 
     </span>
     <span class='ocr_line' id='line_1_20' title="bbox 165 2087 928 2156; baseline 0 -15"><span class='ocrx_word' id='word_1_104' title='bbox 165 2089 275 2141; x_wconf 87' lang='lat' dir='ltr'>Tenditis</span> <span class='ocrx_word' id='word_1_105' title='bbox 295 2088 325 2139; x_wconf 81' lang='lat' dir='ltr'>ad</span> <span class='ocrx_word' id='word_1_106' title='bbox 345 2093 450 2156; x_wconf 83' lang='lat' dir='ltr'>primunr</span> <span class='ocrx_word' id='word_1_107' title='bbox 465 2107 506 2155; x_wconf 89' lang='lat' dir='ltr'>per</span> <span class='ocrx_word' id='word_1_108' title='bbox 525 2087 598 2139; x_wconf 80' lang='lat' dir='ltr'>densa</span> <span class='ocrx_word' id='word_1_109' title='bbox 612 2088 717 2154; x_wconf 83' lang='lat' dir='ltr'>pericula</span> <span class='ocrx_word' id='word_1_110' title='bbox 733 2088 809 2153; x_wconf 87' lang='lat' dir='ltr'>pilum</span> <span class='ocrx_word' id='word_1_111' title='bbox 826 2106 833 2137; x_wconf 86' lang='lat' dir='ltr'>t</span> <span class='ocrx_word' id='word_1_112' title='bbox 901 2107 928 2151; x_wconf 80' lang='grc' dir='ltr'>ις</span> 
     </span>
     <span class='ocr_line' id='line_1_21' title="bbox 125 2169 783 2235; baseline -0.011 -14"><span class='ocrx_word' id='word_1_113' title='bbox 125 2184 128 2191; x_wconf 90' lang='grc'><em>“</em></span> <span class='ocrx_word' id='word_1_114' title='bbox 198 2170 309 2235; x_wconf 83' lang='lat' dir='ltr'>Contigit</span> <span class='ocrx_word' id='word_1_115' title='bbox 329 2186 356 2217; x_wconf 79' lang='lat' dir='ltr'>et</span> <span class='ocrx_word' id='word_1_116' title='bbox 372 2172 458 2219; x_wconf 87' lang='lat' dir='ltr'>merito</span> <span class='ocrx_word' id='word_1_117' title='bbox 479 2172 521 2235; x_wconf 88' lang='lat' dir='ltr'>qui</span> <span class='ocrx_word' id='word_1_118' title='bbox 543 2171 587 2218; x_wconf 86' lang='lat' dir='ltr'>tibi</span> <span class='ocrx_word' id='word_1_119' title='bbox 604 2185 679 2233; x_wconf 83' lang='lat' dir='ltr'>nuper</span> <span class='ocrx_word' id='word_1_120' title='bbox 696 2169 783 2215; x_wconf 87' lang='lat' dir='ltr'>honos.</span> 
     </span>
     <span class='ocr_line' id='line_1_22' title="bbox 166 2246 837 2311; baseline -0.003 -16"><span class='ocrx_word' id='word_1_121' title='bbox 166 2249 204 2295; x_wconf 83' lang='lat' dir='ltr'>Sic</span> <span class='ocrx_word' id='word_1_122' title='bbox 224 2247 279 2296; x_wconf 87' lang='lat' dir='ltr'>licet</span> <span class='ocrx_word' id='word_1_123' title='bbox 295 2250 333 2299; x_wconf 83' lang='lat' dir='ltr'>hic</span> <span class='ocrx_word' id='word_1_124' title='bbox 351 2248 433 2297; x_wconf 87' lang='lat' dir='ltr'>titulus</span> <span class='ocrx_word' id='word_1_125' title='bbox 451 2248 526 2311; x_wconf 86' lang='lat' dir='ltr'>plenis</span> <span class='ocrx_word' id='word_1_126' title='bbox 548 2248 593 2296; x_wconf 88' lang='lat' dir='ltr'>tibi</span> <span class='ocrx_word' id='word_1_127' title='bbox 610 2246 723 2294; x_wconf 72' lang='lat' dir='ltr'>frustibus</span> <span class='ocrx_word' id='word_1_128' title='bbox 735 2249 837 2309; x_wconf 82' lang='lat' dir='ltr'>ingens,</span> 
     </span>
     <span class='ocr_line' id='line_1_23' title="bbox 200 2318 882 2389; baseline -0.003 -17"><span class='ocrx_word' id='word_1_129' title='bbox 200 2325 251 2389; x_wconf 83' lang='lat' dir='ltr'>Ipsa</span> <span class='ocrx_word' id='word_1_130' title='bbox 270 2339 349 2373; x_wconf 81' lang='lat' dir='ltr'>tamen</span> <span class='ocrx_word' id='word_1_131' title='bbox 362 2329 436 2373; x_wconf 87' lang='lat' dir='ltr'>virtus</span> <span class='ocrx_word' id='word_1_132' title='bbox 451 2324 535 2375; x_wconf 83' lang='lat' dir='ltr'>ordine</span> <span class='ocrx_word' id='word_1_133' title='bbox 554 2329 632 2388; x_wconf 69' lang='lat' dir='ltr'>maior</span> <span class='ocrx_word' id='word_1_134' title='bbox 652 2328 705 2371; x_wconf 90' lang='lat' dir='ltr'>erit.</span> <span class='ocrx_word' id='word_1_135' title='bbox 878 2318 882 2325; x_wconf 71' lang='grc'><strong>’</strong></span> 
     </span>
     <span class='ocr_line' id='line_1_24' title="bbox 169 2398 851 2465; baseline -0.006 -13"><span class='ocrx_word' id='word_1_136' title='bbox 169 2403 228 2453; x_wconf 89' lang='lat' dir='ltr'>Non</span> <span class='ocrx_word' id='word_1_137' title='bbox 242 2415 312 2465; x_wconf 79' lang='lat' dir='ltr'>neget</span> <span class='ocrx_word' id='word_1_138' title='bbox 326 2402 372 2449; x_wconf 78' lang='lat' dir='ltr'>hoc</span> <span class='ocrx_word' id='word_1_139' title='bbox 385 2401 460 2459; x_wconf 82' lang='lat' dir='ltr'>Ister,</span> <span class='ocrx_word' id='word_1_140' title='bbox 476 2404 543 2465; x_wconf 87' lang='lat' dir='ltr'>cujus</span> <span class='ocrx_word' id='word_1_141' title='bbox 560 2415 602 2449; x_wconf 87' lang='lat' dir='ltr'>tua</span> <span class='ocrx_word' id='word_1_142' title='bbox 619 2399 715 2449; x_wconf 80' lang='lat' dir='ltr'>dextera</span> <span class='ocrx_word' id='word_1_143' title='bbox 728 2398 851 2465; x_wconf 77' lang='lat' dir='ltr'>quondam</span> 
     </span>
     <span class='ocr_line' id='line_1_25' title="bbox 204 2477 936 2547; baseline 0 -20"><span class='ocrx_word' id='word_1_144' title='bbox 204 2480 332 2527; x_wconf 81' lang='lat' dir='ltr'>Puniceam</span> <span class='ocrx_word' id='word_1_145' title='bbox 343 2478 436 2547; x_wconf 30' lang='lat' dir='ltr'>..Getico</span> <span class='ocrx_word' id='word_1_146' title='bbox 453 2479 565 2542; x_wconf 83' lang='lat' dir='ltr'>sanguine</span> <span class='ocrx_word' id='word_1_147' title='bbox 583 2477 640 2526; x_wconf 85' lang='lat' dir='ltr'>fecit</span> <span class='ocrx_word' id='word_1_148' title='bbox 657 2494 752 2542; x_wconf 80' lang='lat' dir='ltr'>aqtiarn.</span> <span class='ocrx_word' id='word_1_149' title='bbox 904 2495 936 2527; x_wconf 81' lang='grc' dir='ltr'>ιο</span> 
     </span>
     <span class='ocr_line' id='line_1_26' title="bbox 171 2546 853 2621; baseline -0.006 -13"><span class='ocrx_word' id='word_1_150' title='bbox 171 2559 229 2609; x_wconf 73' lang='lat' dir='ltr'>Non</span> <span class='ocrx_word' id='word_1_151' title='bbox 241 2571 311 2621; x_wconf 83' lang='lat' dir='ltr'>neget</span> <span class='ocrx_word' id='word_1_152' title='bbox 331 2556 352 2603; x_wconf 57' lang='lat' dir='ltr'>*F</span> <span class='ocrx_word' id='word_1_153' title='bbox 358 2557 460 2619; x_wconf 79' lang='lat' dir='ltr'>gypsus,</span> <span class='ocrx_word' id='word_1_154' title='bbox 478 2572 548 2620; x_wconf 70' lang='lat' dir='ltr'>qua,</span> <span class='ocrx_word' id='word_1_155' title='bbox 573 2570 595 2603; x_wconf 89' lang='lat' dir='ltr'>te</span> <span class='ocrx_word' id='word_1_156' title='bbox 612 2556 744 2614; x_wconf 84' lang='lat' dir='ltr'>subeunte,</span> <span class='ocrx_word' id='word_1_157' title='bbox 760 2546 853 2619; x_wconf 70' lang='lat' dir='ltr'>recepti</span> 
     </span>
     <span class='ocr_line' id='line_1_27' title="bbox 206 2630 698 2699; baseline -0.012 -15"><span class='ocrx_word' id='word_1_158' title='bbox 206 2638 283 2685; x_wconf 81' lang='lat' dir='ltr'>Sensit</span> <span class='ocrx_word' id='word_1_159' title='bbox 300 2637 325 2682; x_wconf 93' lang='lat' dir='ltr'>in</span> <span class='ocrx_word' id='word_1_160' title='bbox 342 2636 438 2699; x_wconf 83' lang='lat' dir='ltr'>ingenio</span> <span class='ocrx_word' id='word_1_161' title='bbox 457 2632 491 2681; x_wconf 93' lang='lat' dir='ltr'>nil</span> <span class='ocrx_word' id='word_1_162' title='bbox 508 2636 560 2696; x_wconf 87' lang='lat' dir='ltr'>opis</span> <span class='ocrx_word' id='word_1_163' title='bbox 578 2630 625 2679; x_wconf 85' lang='lat' dir='ltr'>effe</span> <span class='ocrx_word' id='word_1_164' title='bbox 640 2632 698 2679; x_wconf 91' lang='lat' dir='ltr'>loci.</span> 
     </span>
    </p>
   </div>
   <div class='ocr_carea' id='block_1_6' title="bbox 81 2701 817 2775">
    <p class='ocr_par' dir='ltr' id='par_1_6' title="bbox 81 2701 817 2775">
     <span class='ocr_line' id='line_1_28' title="bbox 81 2701 817 2775; baseline -0.014 -10"><span class='ocrx_word' id='word_1_165' title='bbox 81 2726 83 2741; x_wconf 86' lang='lat'><strong>¹</strong></span> <span class='ocrx_word' id='word_1_166' title='bbox 173 2715 238 2769; x_wconf 80' lang='lat' dir='ltr'>Nam</span> <span class='ocrx_word' id='word_1_167' title='bbox 258 2710 379 2769; x_wconf 87' lang='lat' dir='ltr'>dubium,</span> <span class='ocrx_word' id='word_1_168' title='bbox 398 2701 477 2775; x_wconf 86' lang='lat' dir='ltr'>positu</span> <span class='ocrx_word' id='word_1_169' title='bbox 492 2709 577 2759; x_wconf 89' lang='lat' dir='ltr'>melius</span> <span class='ocrx_word' id='word_1_170' title='bbox 592 2707 688 2756; x_wconf 76' lang='lat' dir='ltr'>defensa</span> <span class='ocrx_word' id='word_1_171' title='bbox 702 2725 817 2763; x_wconf 74' lang='lat' dir='ltr'>manuve,</span> 
     </span>
    </p>
   </div>
   <div class='ocr_carea' id='block_1_7' title="bbox 175 2786 935 3077">
    <p class='ocr_par' dir='ltr' id='par_1_7' title="bbox 206 2786 789 2851">
     <span class='ocr_line' id='line_1_29' title="bbox 206 2786 789 2851; baseline -0.017 -10"><span class='ocrx_word' id='word_1_172' title='bbox 206 2791 269 2841; x_wconf 86' lang='lat' dir='ltr'>Urbs</span> <span class='ocrx_word' id='word_1_173' title='bbox 291 2786 341 2838; x_wconf 59' lang='lat' dir='ltr'>er‘at</span> <span class='ocrx_word' id='word_1_174' title='bbox 363 2791 388 2839; x_wconf 89' lang='lat' dir='ltr'>in</span> <span class='ocrx_word' id='word_1_175' title='bbox 406 2788 500 2835; x_wconf 86' lang='lat' dir='ltr'>summo</span> <span class='ocrx_word' id='word_1_176' title='bbox 517 2786 706 2851; x_wconf 73' lang='lat' dir='ltr'>nubibus-aequa</span> <span class='ocrx_word' id='word_1_177' title='bbox 722 2788 789 2849; x_wconf 81' lang='lat' dir='ltr'>jugo.</span> 
     </span>
    </p>

    <p class='ocr_par' dir='ltr' id='par_1_8' title="bbox 175 2860 935 3005">
     <span class='ocr_line' id='line_1_30' title="bbox 175 2860 935 2933; baseline -0.021 -13"><span class='ocrx_word' id='word_1_178' title='bbox 175 2873 285 2921; x_wconf 81' lang='lat' dir='ltr'>Sithonio</span> <span class='ocrx_word' id='word_1_179' title='bbox 307 2868 366 2933; x_wconf 79' lang='lat' dir='ltr'>Regi</span> <span class='ocrx_word' id='word_1_180' title='bbox 385 2865 448 2913; x_wconf 89' lang='lat' dir='ltr'>ferus</span> <span class='ocrx_word' id='word_1_181' title='bbox 468 2866 627 2927; x_wconf 80' lang='lat' dir='ltr'>interceperat</span> <span class='ocrx_word' id='word_1_182' title='bbox 643 2860 712 2910; x_wconf 89' lang='lat' dir='ltr'>illam</span> <span class='ocrx_word' id='word_1_183' title='bbox 897 2875 935 2932; x_wconf 49' lang='lat'>&gt;²5</span> 
     </span>
     <span class='ocr_line' id='line_1_31' title="bbox 210 2940 758 3005; baseline -0.015 -9"><span class='ocrx_word' id='word_1_184' title='bbox 210 2948 308 3005; x_wconf 85' lang='lat' dir='ltr'>Hostis,</span> <span class='ocrx_word' id='word_1_185' title='bbox 328 2949 352 2993; x_wconf 87' lang='lat'>&amp;</span> <span class='ocrx_word' id='word_1_186' title='bbox 371 2945 457 2995; x_wconf 67' lang='lat' dir='ltr'>erestes</span> <span class='ocrx_word' id='word_1_187' title='bbox 474 2942 549 2989; x_wconf 64' lang='lat' dir='ltr'>vilior</span> <span class='ocrx_word' id='word_1_188' title='bbox 568 2940 670 2988; x_wconf 78' lang='lat' dir='ltr'>habebat</span> <span class='ocrx_word' id='word_1_189' title='bbox 692 2955 758 3002; x_wconf 80' lang='lat' dir='ltr'>opes.</span> 
     </span>
    </p>

    <p class='ocr_par' dir='ltr' id='par_1_9' title="bbox 178 3016 709 3077">
     <span class='ocr_line' id='line_1_32' title="bbox 178 3016 709 3077; baseline -0.015 0"><span class='ocrx_word' id='word_1_190' title='bbox 178 3026 261 3077; x_wconf 86' lang='lat' dir='ltr'>Donec</span> <span class='ocrx_word' id='word_1_191' title='bbox 275 3022 389 3074; x_wconf 72' lang='lat' dir='ltr'>fluminei</span> <span class='ocrx_word' id='word_1_192' title='bbox 406 3019 502 3073; x_wconf 75' lang='lat' dir='ltr'>devecta</span> <span class='ocrx_word' id='word_1_193' title='bbox 517 3018 629 3070; x_wconf 84' lang='lat' dir='ltr'>Vitellius</span> <span class='ocrx_word' id='word_1_194' title='bbox 644 3016 709 3069; x_wconf 63' lang='lat' dir='ltr'>unde</span> 
     </span>
    </p>
   </div>
   <div class='ocr_carea' id='block_1_8' title="bbox 0 0 1218 3917">
    <p class='ocr_par' dir='ltr' id='par_1_10' title="bbox 0 0 1218 3917">
     <span class='ocr_line' id='line_1_33' title="bbox 0 0 1218 3917; baseline 0 0"><span class='ocrx_word' id='word_1_195' title='bbox 0 0 1218 3917; x_wconf 95' lang='lat' dir='ltr'> </span> 
     </span>
    </p>
   </div>
  </div>
 </body>
</html>
