2334 3917
271 426 335 491 332
410 404 453 473 P.
477 408 633 473 Ovrorr
650 387 847 476 NAuours

265 522 372 573 sacrifici
383 540 456 590 genus
466 526 499 575 est
509 561 517 587 ‚
534 532 567 577 sic
579 527 699 578 instituite
708 532 813 593 priores,

236 610 238 617 ’
296 598 394 651 Aduena
403 606 511 669 virgineo
523 608 596 655 caesur
610 620 636 655 ut
646 609 699 655 ense
710 605 790 659 cadat.

266 677 346 743 Regna
356 680 437 731 Thoar
453 683 553 741 habuit,
572 682 687 732 Maeoride
698 683 774 733 clarus
784 688 809 733 in
817 701 876 735 ora:

217 754 247 791 ⁶0
296 754 348 805 Nec
363 757 410 809 fuit
427 759 524 809 Euxinis
537 765 619 810 notior
629 761 689 810 aiter
698 765 775 826 aquis.

265 832 360 896 Sceptra
368 850 463 886 tenente
473 836 519 885 ilio
531 872 539 896 ‚
557 836 660 903 liquidas
672 836 753 887 fecisse
765 855 806 903 per
817 856 885 889 auras

299 910 387 963 Nescio
401 930 473 979 quam
485 916 570 963 dicunt
581 916 721 980 Iphigenian
731 919 786 965 iter.

266 988 345 1049 Quam
360 991 450 1041 levibus
460 995 538 1041 ventis
548 993 591 1040 sub
602 993 665 1041 nube
677 1010 719 1056 per
730 1009 827 1058 aequora
837 994 929 1042 verram
940 1025 950 1053 ,

289 1067 412 1119 ¹Creditur
423 1072 459 1118 hir
473 1070 562 1118 Phoebe
573 1068 707 1135 deposuiise
716 1071 784 1119 locis.

216 1158 245 1213 65
267 1144 393 1195 prefuerat
409 1146 501 1212 templo
511 1146 602 1196 multos
610 1164 637 1195 ea
647 1150 692 1197 rire
703 1164 744 1213 per
752 1164 844 1209 annos,

299 1222 376 1273 Inviti
387 1241 499 1289 peragens
509 1225 583 1274 tristia
595 1226 659 1274 sacra
669 1242 752 1275 manu.

266 1298 331 1350 Crirn
346 1300 395 1351 duo
405 1302 503 1351 veliferi
513 1306 610 1366 juvenes
621 1302 706 1351 venire
718 1303 820 1364 carini,

298 1376 477 1445 Prefferunrque
488 1382 530 1427 suo
541 1379 613 1429 litora
622 1381 702 1431 nostra
714 1379 782 1447 pede.

266 1454 310 1504 Par
321 1456 367 1504 fuir
376 1457 412 1505 his
422 1471 477 1505 κιαι
487 1491 495 1516 ,
507 1460 531 1505 δι
542 1474 612 1507 amor
626 1476 632 1506 a
645 1474 747 1523 quorum
760 1457 820 1507 alter
830 1459 945 1515 Orestes,

217 1541 250 1584 70
300 1534 365 1583 Alter
374 1550 424 1585 erat
434 1534 534 1597 Pylades
546 1554 553 1583 r
565 1539 664 1585 nomina
678 1536 742 1587 frma
754 1552 827 1587 tenet.

266 1612 377 1663 Protinus
391 1616 512 1664 immitem
530 1615 619 1663 Triviae
637 1612 757 1662 ducuntur
774 1613 905 1676 adaram,
921 1618 928 1621 ’

299 1690 391 1741 Evinsti
402 1696 507 1757 geminas
516 1689 546 1740 ad
556 1693 596 1739 sua
608 1706 672 1755 terga
683 1708 778 1739 manus.

267 1772 360 1835 Spargir
370 1770 432 1837 aqui
447 1784 529 1835 captos
539 1768 630 1818 lustrali
640 1771 713 1833 Graja
725 1768 833 1817 sacerdos
844 1801 853 1829 ,

299 1850 396 1900 Ambiat
407 1866 433 1899 ut
452 1849 528 1899 fulvas
540 1848 617 1898 infula
629 1848 701 1912 longa
711 1863 802 1895 comas.

153 1972 156 1979 .
220 1949 246 1997 75
268 1926 380 1994 Dumque
391 1944 457 1993 parat
467 1930 558 1976 sacrum
571 1962 578 1984 ‚
592 1925 651 1975 dum
662 1927 842 1989 velartempora
853 1927 920 1976 vinis
932 1942 942 1985 ·,

298 2006 365 2055 Dum
376 2003 448 2055 tardae
459 2006 538 2054 causas
548 2006 640 2053 invenit
652 2006 725 2069 usque
737 2018 826 2059 rnorae3

265 2082 324 2133 Non
335 2100 379 2147 ego
390 2080 492 2131 crudelis
504 2116 512 2141 ,
524 2086 623 2147 juvenes·
632 2084 764 2146 ignoscite,
776 2080 838 2129 dixit
849 2097 859 2139 3

299 2163 368 2210 Sacra
379 2162 421 2209 suo
433 2159 497 2207 facio
509 2160 646 2208 barbariora
657 2159 723 2208 loco.

267 2240 334 2289 Ritus
345 2241 364 2286 is
375 2237 499 2302 estgentis.
512 2236 566 2296 Qui
577 2253 620 2285 vor
636 2251 716 2286 tamen
729 2238 786 2285 urbe
797 2238 902 2285 venitis.²

220 2333 251 2380 30
300 2315 385 2377 Quove
401 2331 483 2380 parum
495 2314 569 2364 fausti
585 2331 663 2379 puppe
675 2314 765 2380 petistis
777 2318 838 2364 iteri

269 2396 350 2445 Dixit:
366 2398 405 2453 δι,
417 2388 500 2443 audito
509 2396 591 2458 patria:
601 2396 641 2458 pia
652 2397 751 2443 nomine
765 2396 835 2458 virgo
846 2427 854 2453 ,

301 2472 432 2523 Consortes
442 2472 505 2521 urbis
516 2473 636 2535 comperit
646 2468 693 2519 eise
703 2472 759 2519 suae.

269 2550 335 2601 Alter
348 2565 373 2599 at
389 2566 401 2597 e
417 2549 508 2607 vobis,
524 2550 619 2613 inquit,
634 2546 705 2597 cadat
719 2548 795 2597 hostia
808 2550 888 2609 sacri,

300 2626 338 2676 Ad
351 2630 437 2691 patrias
449 2625 513 2675 sedes
524 2629 624 2675 nuncius
637 2624 698 2675 alter
708 2640 755 2676 ear.

222 2712 235 2760 8
243 2730 253 2776 ς
271 2707 308 2756 ire
323 2707 390 2770 jubet
405 2703 505 2767 Pylades
517 2720 600 2753 carum
614 2707 731 2768 periturus
743 2705 860 2755 Oresten:

305 2782 352 2836 Hic
362 2784 528 2848 negamurque
538 2784 617 2831 vicem
628 2798 719 2847 pugnat
733 2798 832 2848 uterque
847 2788 923 2836 mori.

268 2858 364 2908 Exstitir
382 2861 428 2908 hoc
444 2874 538 2917 unum,
555 2855 623 2922 quod
633 2873 683 2907 non
698 2862 836 2911 convenerit
852 2861 916 2911 illis:

302 2936 389 2987 Cetera
401 2952 442 2999 par
451 2950 552 2984 concors
560 2937 585 2983 ἀ
597 2936 646 2983 rinc
659 2935 701 2985 lite
712 2935 768 2986 fuit.

269 2999 336 3064 Dum
347 3028 461 3081 peragunt
471 3011 564 3076 pulchri
574 3015 673 3077 juvenes
684 3028 805 3063 certamen
816 3016 906 3067 amoris
914 3050 927 3076 ,

219 3104 254 3154 90
304 3091 342 3145 Ad
353 3092 451 3145 fratrem
461 3092 559 3159 scriptas
569 3090 790 3145 ematiuanoras.
