2334 3917
754 166 763 193 i

268 392 331 478 138
392 389 436 458 P.
466 390 623 457 Ouum
644 391 845 464 Nisoms

295 511 349 571 Qui
360 514 438 560 cervix
449 512 562 561 humeros
573 514 716 563 continuata
725 519 822 581 premit.

262 590 314 640 lbet
323 594 347 639 in
358 592 421 639 hunc
433 588 485 638 idat
496 624 504 650 ,
515 594 603 657 vixque
615 590 647 641 est
655 592 723 644 Jovie
735 596 790 659 igne
801 594 907 661 repulsus
917 614 927 657 ς

295 669 354 719 Tela
366 684 446 718 tamen
457 667 544 719 dextre
553 668 655 720 fulmine
663 686 729 736 repta
739 688 851 737 negant„

213 748 360 814 715Jamque
371 749 431 805 tibi,
444 749 545 807 Pollux,
557 748 647 798 coelum
654 748 755 799 sublime
766 751 861 815 patebat
871 768 881 810 ς
961 737 963 741 ,

295 826 377 885 Cultu,
393 828 449 876 Mea
460 825 570 886 ,dixisti,
581 831 675 892 percipe
685 830 758 877 verba
765 862 773 887 ,
785 843 861 893 puter.

262 905 337 968 Quod
351 908 410 955 mihi
430 904 471 954 das
483 908 544 964 uni,
563 905 652 955 coelum
667 908 754 971 partite
770 904 877 957 ‹luobust

294 983 432 1035 Dimidium
443 998 496 1032 toto
507 999 605 1033 munere
616 988 692 1048 majus
704 987 758 1036 etit.

262 1064 351 1125 Dixit,
367 1066 392 1113 &
404 1062 494 1113 alterni
506 1060 603 1110 fratrem
617 1061 717 1111 statione
733 1059 850 1111 redemite

215 1154 262 1197 7²0
295 1142 362 1192 Utile
373 1141 471 1191 solicite
485 1138 548 1189 sidus
560 1154 658 1206 uterque
668 1144 723 1191 rati.

260 1218 299 1270 Ad
314 1220 399 1269 lanum
417 1217 513 1279 redeat,
532 1220 573 1284 qui
587 1221 672 1284 quaetit
683 1220 776 1284 Agonia
788 1213 848 1284 quid
862 1217 928 1274 sint;

184 1318 187 1324 ·
294 1298 353 1359 Quae
367 1314 447 1348 tamen
459 1301 486 1347 in
498 1297 568 1347 Fastis
582 1300 630 1348 hoc
642 1314 739 1363 quoque
756 1311 849 1360 tempus
860 1296 961 1345 habent.

261 1376 339 1427 Notie
350 1378 460 1442 sequente
468 1372 533 1424 diem
544 1376 609 1423 canis
619 1372 761 1438 Erigoneius
773 1375 830 1422 exit.

294 1455 333 1504 Est
341 1454 389 1504 alio
396 1456 457 1519 signi
467 1450 560 1502 reddita
568 1452 637 1501 cause
649 1451 713 1501 loco.

216 1542 259 1589 7²5
265 1533 413 1585 PROXIMA
427 1529 529 1581 Vulcani
539 1529 579 1579 lux
592 1546 632 1590 es,
649 1527 794 1589 Tubilustria
809 1524 902 1577 dicunt.

295 1610 431 1661 Lustrantur
442 1625 522 1675 putae,
533 1624 591 1674 quas
601 1606 659 1656 facit
670 1606 728 1666 ille,
745 1606 816 1654 tuboe.

263 1688 448 1752 QUATTUOR
453 1684 508 1737 inde
514 1688 576 1735 notis
584 1684 651 1733 locus
658 1683 689 1731 est
699 1683 800 1748 ,quibus
806 1678 890 1731 ordine
901 1678 979 1739 leuis,

295 1768 341 1817 Vel
354 1783 405 1817 mos
417 1768 553 1820 sacrorum,
563 1763 603 1813 vel
614 1763 678 1827 Fuga
688 1762 759 1825 Regis
768 1758 836 1809 inest.

264 1846 331 1897 NEC
343 1862 366 1896 te
375 1861 502 1911 pretereo,
514 1842 598 1909 populi
609 1843 713 1891 Fortuna
725 1840 830 1903 potentis

216 1946 264 1993 730
297 1924 410 1982 Publica,
425 1926 463 1973 eui
474 1920 593 1985 templum
603 1918 656 1967 luce
667 1919 778 1983 sequente
786 1912 878 1965 iatum.

264 2005 332 2055 Hanc
343 2004 383 2052 ubi
394 2000 459 2053 dives
470 2004 536 2065 aquis
548 2000 664 2063 acceperit
677 1997 836 2060 Amphitrite,

296 2084 370 2133 Grata
382 2081 435 2129 lovi
446 2079 517 2129 fulvae
529 2078 603 2127 rostra
612 2074 703 2128 videbit
715 2076 773 2123 avis.

264 2160 327 2211 AUF
329 2159 413 2209 ERAT
430 2174 458 2205 ex
469 2157 544 2205 oculis
556 2157 651 2207 veniens
667 2154 759 2201 Aurora
773 2150 885 2209 Booten,

248 2292 249 2299 χ
296 2234 468 2303 Continuique
477 2233 516 2285 die
527 2232 590 2283 sidus
601 2230 703 2293 Hyantis
713 2231 766 2279 etit.

247 2411 977 2488 ‚mmmwo

420 2596 657 2672 LIBER
714 2592 823 2676 Vi„

269 2711 369 2831 Hic
377 2794 473 2845 quoque
482 2773 647 2829 meniishabet
656 2768 739 2821 dubias
747 2768 880 2818 innomine
888 2766 980 2821 causas,

299 2859 357 2919 Quae
373 2858 498 2923 placeant,
511 2855 594 2919 positis
605 2849 732 2901 omnibus,
746 2848 795 2911 ipse
807 2845 880 2910 leges.

266 2940 335 2987 fana
348 2952 447 2993 tanam3
459 2931 501 2983 sed
515 2945 597 2986 erunt,
609 2930 650 2995 qui
659 2944 699 2976 me
710 2921 801 2974 finxiffe
813 2923 964 2989 loquantur,

300 3015 420 3079 Nullaque
435 3010 532 3061 mortali
543 3011 642 3057 numina
649 3007 698 3055 visa
707 3017 800 3068 putent.

237 3096 248 3147 5
268 3093 307 3145 Est
323 3093 388 3145 Deus
406 3094 432 3142 in
442 3091 526 3152 nobis,
537 3090 641 3155 agitante
652 3082 790 3135 calescimus
803 3077 864 3132 illut
