<?xml version="1.0" encoding="UTF-8"?>
<!DOCTYPE html PUBLIC "-//W3C//DTD XHTML 1.0 Transitional//EN"
    "http://www.w3.org/TR/xhtml1/DTD/xhtml1-transitional.dtd">
<html xmlns="http://www.w3.org/1999/xhtml" xml:lang="en" lang="en">
 <head>
  <title>
</title>
<meta http-equiv="Content-Type" content="text/html;charset=utf-8" />
  <meta name='ocr-system' content='tesseract 3.04.00' />
  <meta name='ocr-capabilities' content='ocr_page ocr_carea ocr_par ocr_line ocrx_word'/>
</head>
<body>
  <div class='ocr_page' id='page_1' title='image "./povidiinasoniso05ovidgoog_0278.png"; bbox 0 0 2334 3917; ppageno 0'>
   <div class='ocr_carea' id='block_1_1' title="bbox 266 421 875 491">
    <p class='ocr_par' dir='ltr' id='par_1_1' title="bbox 266 421 875 491">
     <span class='ocr_line' id='line_1_1' title="bbox 266 421 875 491; baseline -0.002 0"><span class='ocrx_word' id='word_1_1' title='bbox 266 422 268 427; x_wconf 83' lang='lat'>&#39;</span> <span class='ocrx_word' id='word_1_2' title='bbox 301 427 367 491; x_wconf 83' lang='lat'>268</span> <span class='ocrx_word' id='word_1_3' title='bbox 428 421 471 489; x_wconf 87' lang='lat' dir='ltr'>P.</span> <span class='ocrx_word' id='word_1_4' title='bbox 501 422 658 490; x_wconf 76' lang='lat' dir='ltr'><em>OVJDH</em></span> <span class='ocrx_word' id='word_1_5' title='bbox 680 422 875 490; x_wconf 76' lang='lat' dir='ltr'>NAsourr</span> 
     </span>
    </p>
   </div>
   <div class='ocr_carea' id='block_1_2' title="bbox 164 540 981 2934">
    <p class='ocr_par' dir='ltr' id='par_1_2' title="bbox 164 540 981 2934">
     <span class='ocr_line' id='line_1_2' title="bbox 328 540 792 607; baseline 0.004 -17"><span class='ocrx_word' id='word_1_6' title='bbox 328 545 372 590; x_wconf 85' lang='lat' dir='ltr'>Per</span> <span class='ocrx_word' id='word_1_7' title='bbox 380 540 471 592; x_wconf 75' lang='lat' dir='ltr'>medias</span> <span class='ocrx_word' id='word_1_8' title='bbox 483 542 585 607; x_wconf 75' lang='lat' dir='ltr'>legimur</span> <span class='ocrx_word' id='word_1_9' title='bbox 595 543 666 594; x_wconf 81' lang='lat' dir='ltr'>noxia</span> <span class='ocrx_word' id='word_1_10' title='bbox 677 543 724 592; x_wconf 75' lang='lat' dir='ltr'>tela</span> <span class='ocrx_word' id='word_1_11' title='bbox 733 544 792 594; x_wconf 79' lang='lat' dir='ltr'>viar.</span> 
     </span>
     <span class='ocr_line' id='line_1_3' title="bbox 294 618 892 689; baseline 0 -19"><span class='ocrx_word' id='word_1_12' title='bbox 294 620 334 670; x_wconf 73' lang='lat' dir='ltr'>Est</span> <span class='ocrx_word' id='word_1_13' title='bbox 342 623 415 686; x_wconf 79' lang='lat' dir='ltr'>igitur</span> <span class='ocrx_word' id='word_1_14' title='bbox 425 637 510 680; x_wconf 68' lang='lat' dir='ltr'>rame,</span> <span class='ocrx_word' id='word_1_15' title='bbox 523 624 564 688; x_wconf 92' lang='lat' dir='ltr'>qui</span> <span class='ocrx_word' id='word_1_16' title='bbox 575 637 614 670; x_wconf 81' lang='lat' dir='ltr'>tur</span> <span class='ocrx_word' id='word_1_17' title='bbox 625 621 702 670; x_wconf 87' lang='lat' dir='ltr'>colere</span> <span class='ocrx_word' id='word_1_18' title='bbox 714 618 800 672; x_wconf 78' lang='lat' dir='ltr'>audeat</span> <span class='ocrx_word' id='word_1_19' title='bbox 809 639 815 670; x_wconf 71' lang='grc' dir='ltr'><strong>ι</strong></span> <span class='ocrx_word' id='word_1_20' title='bbox 825 622 892 689; x_wconf 84' lang='lat' dir='ltr'>isque</span> 
     </span>
     <span class='ocr_line' id='line_1_4' title="bbox 326 699 865 762; baseline 0.002 -14"><span class='ocrx_word' id='word_1_21' title='bbox 326 699 378 762; x_wconf 77' lang='lat' dir='ltr'>Hae</span> <span class='ocrx_word' id='word_1_22' title='bbox 393 714 444 749; x_wconf 84' lang='lat' dir='ltr'>atat</span> <span class='ocrx_word' id='word_1_23' title='bbox 460 699 545 748; x_wconf 82' lang='lat' dir='ltr'>infelix</span> <span class='ocrx_word' id='word_1_24' title='bbox 556 701 620 758; x_wconf 81' lang='lat' dir='ltr'>,hac</span> <span class='ocrx_word' id='word_1_25' title='bbox 632 713 697 748; x_wconf 87' lang='lat' dir='ltr'>tenet</span> <span class='ocrx_word' id='word_1_26' title='bbox 708 714 774 748; x_wconf 79' lang='lat' dir='ltr'>arma</span> <span class='ocrx_word' id='word_1_27' title='bbox 783 715 865 749; x_wconf 81' lang='lat' dir='ltr'>manu.</span> 
     </span>
     <span class='ocr_line' id='line_1_5' title="bbox 244 777 862 843; baseline -0.005 -16"><span class='ocrx_word' id='word_1_28' title='bbox 244 781 272 827; x_wconf 85' lang='lat'>²5</span> <span class='ocrx_word' id='word_1_29' title='bbox 291 777 340 826; x_wconf 88' lang='lat' dir='ltr'>Sub</span> <span class='ocrx_word' id='word_1_30' title='bbox 350 777 418 843; x_wconf 76' lang='lat' dir='ltr'>galee</span> <span class='ocrx_word' id='word_1_31' title='bbox 428 777 505 842; x_wconf 79' lang='lat' dir='ltr'>pastor</span> <span class='ocrx_word' id='word_1_32' title='bbox 514 778 599 841; x_wconf 71' lang='lat' dir='ltr'>junctis</span> <span class='ocrx_word' id='word_1_33' title='bbox 612 779 665 841; x_wconf 86' lang='lat' dir='ltr'>pice</span> <span class='ocrx_word' id='word_1_34' title='bbox 676 789 756 825; x_wconf 82' lang='lat' dir='ltr'>cantat</span> <span class='ocrx_word' id='word_1_35' title='bbox 766 778 862 834; x_wconf 81' lang='lat' dir='ltr'>avenis3</span> 
     </span>
     <span class='ocr_line' id='line_1_6' title="bbox 323 852 871 921; baseline -0.002 -19"><span class='ocrx_word' id='word_1_36' title='bbox 323 855 417 921; x_wconf 85' lang='lat' dir='ltr'>Proque</span> <span class='ocrx_word' id='word_1_37' title='bbox 432 855 490 920; x_wconf 81' lang='lat' dir='ltr'>lupo</span> <span class='ocrx_word' id='word_1_38' title='bbox 506 852 598 919; x_wconf 74' lang='lat' dir='ltr'>prvidae</span> <span class='ocrx_word' id='word_1_39' title='bbox 608 853 672 904; x_wconf 79' lang='lat' dir='ltr'>bella</span> <span class='ocrx_word' id='word_1_40' title='bbox 686 867 796 903; x_wconf 89' lang='lat' dir='ltr'>verentur</span> <span class='ocrx_word' id='word_1_41' title='bbox 806 869 871 902; x_wconf 77' lang='lat' dir='ltr'>oves.</span> 
     </span>
     <span class='ocr_line' id='line_1_7' title="bbox 289 929 876 998; baseline -0.002 -19"><span class='ocrx_word' id='word_1_42' title='bbox 289 930 338 980; x_wconf 86' lang='lat' dir='ltr'>Vix</span> <span class='ocrx_word' id='word_1_43' title='bbox 347 949 393 998; x_wconf 90' lang='lat' dir='ltr'>ope</span> <span class='ocrx_word' id='word_1_44' title='bbox 404 932 492 982; x_wconf 84' lang='lat' dir='ltr'>castelli</span> <span class='ocrx_word' id='word_1_45' title='bbox 502 929 654 980; x_wconf 81' lang='lat' dir='ltr'>defendimur</span> <span class='ocrx_word' id='word_1_46' title='bbox 665 950 671 980; x_wconf 81' lang='lat' dir='ltr'>t</span> <span class='ocrx_word' id='word_1_47' title='bbox 685 933 710 980; x_wconf 75' lang='lat' dir='ltr'>bt</span> <span class='ocrx_word' id='word_1_48' title='bbox 722 947 802 980; x_wconf 80' lang='lat' dir='ltr'>tamen</span> <span class='ocrx_word' id='word_1_49' title='bbox 811 933 876 979; x_wconf 80' lang='lat' dir='ltr'>intus</span> 
     </span>
     <span class='ocr_line' id='line_1_8' title="bbox 314 1006 851 1071; baseline -0.007 -15"><span class='ocrx_word' id='word_1_50' title='bbox 314 1008 392 1056; x_wconf 77' lang='lat' dir='ltr'>Mixtn</span> <span class='ocrx_word' id='word_1_51' title='bbox 405 1007 464 1055; x_wconf 80' lang='lat' dir='ltr'>facit</span> <span class='ocrx_word' id='word_1_52' title='bbox 474 1007 551 1071; x_wconf 72' lang='lat' dir='ltr'>Graiis</span> <span class='ocrx_word' id='word_1_53' title='bbox 563 1007 660 1054; x_wconf 79' lang='lat' dir='ltr'>barbara</span> <span class='ocrx_word' id='word_1_54' title='bbox 671 1006 740 1054; x_wconf 79' lang='lat' dir='ltr'>turba</span> <span class='ocrx_word' id='word_1_55' title='bbox 749 1021 851 1055; x_wconf 88' lang='lat' dir='ltr'>metum.</span> 
     </span>
     <span class='ocr_line' id='line_1_9' title="bbox 281 1075 920 1150; baseline -0.005 -17"><span class='ocrx_word' id='word_1_56' title='bbox 281 1075 382 1150; x_wconf 41' lang='lat' dir='ltr'>&#39;Quippe</span> <span class='ocrx_word' id='word_1_57' title='bbox 391 1083 461 1133; x_wconf 80' lang='lat' dir='ltr'>simul</span> <span class='ocrx_word' id='word_1_58' title='bbox 472 1084 542 1131; x_wconf 79' lang='lat' dir='ltr'>nobis</span> <span class='ocrx_word' id='word_1_59' title='bbox 552 1083 644 1131; x_wconf 71' lang='lat' dir='ltr'>habitat</span> <span class='ocrx_word' id='word_1_60' title='bbox 656 1117 664 1141; x_wconf 95' lang='lat'>,</span> <span class='ocrx_word' id='word_1_61' title='bbox 681 1081 817 1132; x_wconf 86' lang='lat' dir='ltr'>discrimine</span> <span class='ocrx_word' id='word_1_62' title='bbox 832 1081 920 1144; x_wconf 84' lang='lat' dir='ltr'>nullo,</span> 
     </span>
     <span class='ocr_line' id='line_1_10' title="bbox 164 1159 893 1225; baseline -0.003 -14"><span class='ocrx_word' id='word_1_63' title='bbox 164 1166 168 1173; x_wconf 89' lang='lat'>&#39;</span> <span class='ocrx_word' id='word_1_64' title='bbox 241 1173 271 1218; x_wconf 83' lang='lat'>30</span> <span class='ocrx_word' id='word_1_65' title='bbox 319 1162 433 1211; x_wconf 79' lang='lat' dir='ltr'>Barbarus</span> <span class='ocrx_word' id='word_1_66' title='bbox 445 1178 451 1208; x_wconf 75' lang='grc' dir='ltr'><strong><em>ε</em></strong></span> <span class='ocrx_word' id='word_1_67' title='bbox 464 1163 489 1209; x_wconf 79' lang='lat' dir='ltr'>bt</span> <span class='ocrx_word' id='word_1_68' title='bbox 505 1162 559 1209; x_wconf 68' lang='lat' dir='ltr'>testi</span> <span class='ocrx_word' id='word_1_69' title='bbox 568 1159 620 1225; x_wconf 80' lang='lat' dir='ltr'>plur</span> <span class='ocrx_word' id='word_1_70' title='bbox 632 1175 727 1224; x_wconf 89' lang='lat' dir='ltr'>quoque</span> <span class='ocrx_word' id='word_1_71' title='bbox 738 1174 803 1224; x_wconf 82' lang='lat' dir='ltr'>parte</span> <span class='ocrx_word' id='word_1_72' title='bbox 819 1174 893 1209; x_wconf 83' lang='lat' dir='ltr'>tenet.</span> 
     </span>
     <span class='ocr_line' id='line_1_11' title="bbox 286 1235 868 1302; baseline -0.002 -15"><span class='ocrx_word' id='word_1_73' title='bbox 286 1238 353 1300; x_wconf 83' lang='lat' dir='ltr'>Quos</span> <span class='ocrx_word' id='word_1_74' title='bbox 365 1252 452 1288; x_wconf 88' lang='lat' dir='ltr'>utnon</span> <span class='ocrx_word' id='word_1_75' title='bbox 462 1240 561 1297; x_wconf 67' lang='lat' dir='ltr'>tirum,</span> <span class='ocrx_word' id='word_1_76' title='bbox 573 1241 648 1302; x_wconf 80' lang='lat' dir='ltr'>possis</span> <span class='ocrx_word' id='word_1_77' title='bbox 658 1235 750 1296; x_wconf 83' lang='lat' dir='ltr'>odille,</span> <span class='ocrx_word' id='word_1_78' title='bbox 761 1235 868 1287; x_wconf 88' lang='lat' dir='ltr'>videndo</span> 
     </span>
     <span class='ocr_line' id='line_1_12' title="bbox 317 1313 829 1379; baseline -0.006 -14"><span class='ocrx_word' id='word_1_79' title='bbox 317 1316 421 1364; x_wconf 81' lang='lat' dir='ltr'>Pellibus</span> <span class='ocrx_word' id='word_1_80' title='bbox 434 1319 459 1364; x_wconf 77' lang='lat' dir='ltr'>bt</span> <span class='ocrx_word' id='word_1_81' title='bbox 476 1314 549 1379; x_wconf 75' lang='lat' dir='ltr'>longi</span> <span class='ocrx_word' id='word_1_82' title='bbox 561 1328 668 1379; x_wconf 80' lang='lat' dir='ltr'>tempora</span> <span class='ocrx_word' id='word_1_83' title='bbox 679 1316 739 1362; x_wconf 67' lang='lat' dir='ltr'>teiln</span> <span class='ocrx_word' id='word_1_84' title='bbox 750 1313 829 1363; x_wconf 74' lang='lat' dir='ltr'>comi.</span> 
     </span>
     <span class='ocr_line' id='line_1_13' title="bbox 283 1390 948 1459; baseline 0 -15"><span class='ocrx_word' id='word_1_85' title='bbox 283 1394 334 1444; x_wconf 85' lang='lat' dir='ltr'>Hos</span> <span class='ocrx_word' id='word_1_86' title='bbox 349 1409 459 1459; x_wconf 89' lang='lat' dir='ltr'>quoque,</span> <span class='ocrx_word' id='word_1_87' title='bbox 470 1394 512 1457; x_wconf 88' lang='lat' dir='ltr'>qui</span> <span class='ocrx_word' id='word_1_88' title='bbox 522 1394 598 1457; x_wconf 80' lang='lat' dir='ltr'>geniti</span> <span class='ocrx_word' id='word_1_89' title='bbox 610 1391 684 1456; x_wconf 74' lang='lat' dir='ltr'>Graii</span> <span class='ocrx_word' id='word_1_90' title='bbox 694 1390 823 1444; x_wconf 87' lang='lat' dir='ltr'>creduntur</span> <span class='ocrx_word' id='word_1_91' title='bbox 834 1395 863 1442; x_wconf 87' lang='lat' dir='ltr'>ab</span> <span class='ocrx_word' id='word_1_92' title='bbox 872 1393 948 1456; x_wconf 84' lang='lat' dir='ltr'>urbe,</span> 
     </span>
     <span class='ocr_line' id='line_1_14' title="bbox 314 1468 801 1535; baseline -0.004 -16"><span class='ocrx_word' id='word_1_93' title='bbox 314 1470 361 1519; x_wconf 88' lang='lat' dir='ltr'>Pro</span> <span class='ocrx_word' id='word_1_94' title='bbox 371 1472 449 1535; x_wconf 77' lang='lat' dir='ltr'>patrio</span> <span class='ocrx_word' id='word_1_95' title='bbox 460 1468 528 1518; x_wconf 84' lang='lat' dir='ltr'>cultu</span> <span class='ocrx_word' id='word_1_96' title='bbox 538 1470 630 1523; x_wconf 80' lang='lat' dir='ltr'>Persica</span> <span class='ocrx_word' id='word_1_97' title='bbox 638 1470 723 1520; x_wconf 79' lang='lat' dir='ltr'>bracca</span> <span class='ocrx_word' id='word_1_98' title='bbox 733 1473 801 1534; x_wconf 87' lang='lat' dir='ltr'>tegit.</span> 
     </span>
     <span class='ocr_line' id='line_1_15' title="bbox 236 1547 794 1612; baseline -0.004 -16"><span class='ocrx_word' id='word_1_99' title='bbox 236 1563 262 1608; x_wconf 82' lang='lat'>35</span> <span class='ocrx_word' id='word_1_100' title='bbox 282 1547 397 1596; x_wconf 81' lang='lat' dir='ltr'>Exercent</span> <span class='ocrx_word' id='word_1_101' title='bbox 406 1547 443 1596; x_wconf 90' lang='lat' dir='ltr'>illi</span> <span class='ocrx_word' id='word_1_102' title='bbox 456 1549 526 1597; x_wconf 71' lang='lat' dir='ltr'>socie</span> <span class='ocrx_word' id='word_1_103' title='bbox 536 1548 681 1599; x_wconf 82' lang='lat' dir='ltr'>commercia</span> <span class='ocrx_word' id='word_1_104' title='bbox 691 1547 794 1612; x_wconf 69' lang='lat' dir='ltr'>lingua:</span> 
     </span>
     <span class='ocr_line' id='line_1_16' title="bbox 314 1622 797 1691; baseline 0 -18"><span class='ocrx_word' id='word_1_105' title='bbox 314 1625 357 1673; x_wconf 87' lang='lat' dir='ltr'>Per</span> <span class='ocrx_word' id='word_1_106' title='bbox 373 1625 463 1691; x_wconf 77' lang='lat' dir='ltr'>gestum</span> <span class='ocrx_word' id='word_1_107' title='bbox 478 1641 514 1672; x_wconf 82' lang='lat' dir='ltr'>rts</span> <span class='ocrx_word' id='word_1_108' title='bbox 525 1625 557 1674; x_wconf 88' lang='lat' dir='ltr'>est</span> <span class='ocrx_word' id='word_1_109' title='bbox 564 1622 719 1689; x_wconf 81' lang='lat' dir='ltr'>significanda</span> <span class='ocrx_word' id='word_1_110' title='bbox 726 1626 797 1673; x_wconf 88' lang='lat' dir='ltr'>mihi.</span> 
     </span>
     <span class='ocr_line' id='line_1_17' title="bbox 279 1701 917 1768; baseline 0.002 -16"><span class='ocrx_word' id='word_1_111' title='bbox 279 1703 394 1753; x_wconf 71' lang='lat' dir='ltr'>Barbarus</span> <span class='ocrx_word' id='word_1_112' title='bbox 409 1702 449 1752; x_wconf 82' lang='lat' dir='ltr'>hic</span> <span class='ocrx_word' id='word_1_113' title='bbox 460 1719 505 1768; x_wconf 80' lang='lat' dir='ltr'>ego</span> <span class='ocrx_word' id='word_1_114' title='bbox 520 1703 588 1762; x_wconf 87' lang='lat' dir='ltr'>sum,</span> <span class='ocrx_word' id='word_1_115' title='bbox 600 1706 656 1768; x_wconf 82' lang='lat' dir='ltr'>quia</span> <span class='ocrx_word' id='word_1_116' title='bbox 667 1718 716 1750; x_wconf 88' lang='lat' dir='ltr'>non</span> <span class='ocrx_word' id='word_1_117' title='bbox 725 1701 850 1767; x_wconf 83' lang='lat' dir='ltr'>intelligor</span> <span class='ocrx_word' id='word_1_118' title='bbox 860 1702 917 1753; x_wconf 83' lang='lat' dir='ltr'>ullir</span> 
     </span>
     <span class='ocr_line' id='line_1_18' title="bbox 312 1778 780 1830; baseline -0.004 -1"><span class='ocrx_word' id='word_1_119' title='bbox 312 1781 344 1829; x_wconf 87' lang='lat' dir='ltr'>Et</span> <span class='ocrx_word' id='word_1_120' title='bbox 352 1779 431 1830; x_wconf 88' lang='lat' dir='ltr'>rident</span> <span class='ocrx_word' id='word_1_121' title='bbox 439 1778 518 1830; x_wconf 87' lang='lat' dir='ltr'>stolidi</span> <span class='ocrx_word' id='word_1_122' title='bbox 526 1781 597 1830; x_wconf 75' lang='lat' dir='ltr'>verbe</span> <span class='ocrx_word' id='word_1_123' title='bbox 608 1779 692 1830; x_wconf 82' lang='lat' dir='ltr'>Latina</span> <span class='ocrx_word' id='word_1_124' title='bbox 704 1781 780 1830; x_wconf 84' lang='lat' dir='ltr'>Getae.</span> 
     </span>
     <span class='ocr_line' id='line_1_19' title="bbox 278 1856 914 1924; baseline 0.005 -18"><span class='ocrx_word' id='word_1_125' title='bbox 278 1858 367 1924; x_wconf 84' lang='lat' dir='ltr'>Meque</span> <span class='ocrx_word' id='word_1_126' title='bbox 377 1859 471 1923; x_wconf 81' lang='lat' dir='ltr'>palam,</span> <span class='ocrx_word' id='word_1_127' title='bbox 480 1856 510 1908; x_wconf 91' lang='lat' dir='ltr'>de</span> <span class='ocrx_word' id='word_1_128' title='bbox 520 1875 559 1908; x_wconf 90' lang='lat' dir='ltr'>me</span> <span class='ocrx_word' id='word_1_129' title='bbox 567 1857 621 1908; x_wconf 80' lang='lat' dir='ltr'>turb</span> <span class='ocrx_word' id='word_1_130' title='bbox 630 1857 692 1909; x_wconf 70' lang='lat' dir='ltr'>mali</span> <span class='ocrx_word' id='word_1_131' title='bbox 699 1860 758 1923; x_wconf 79' lang='lat' dir='ltr'>saepe</span> <span class='ocrx_word' id='word_1_132' title='bbox 768 1859 914 1924; x_wconf 79' lang='lat' dir='ltr'>loquuntur:</span> 
     </span>
     <span class='ocr_line' id='line_1_20' title="bbox 228 1936 795 2007; baseline 0.002 -24"><span class='ocrx_word' id='word_1_133' title='bbox 228 1963 261 2007; x_wconf 67' lang='lat'>47</span> <span class='ocrx_word' id='word_1_134' title='bbox 285 1959 289 1966; x_wconf 89' lang='lat'><strong>·</strong></span> <span class='ocrx_word' id='word_1_135' title='bbox 310 1937 419 1984; x_wconf 76' lang='lat' dir='ltr'>Forsitan</span> <span class='ocrx_word' id='word_1_136' title='bbox 431 1936 549 2000; x_wconf 73' lang='lat' dir='ltr'>obiiciunt</span> <span class='ocrx_word' id='word_1_137' title='bbox 559 1936 715 2002; x_wconf 85' lang='lat' dir='ltr'>exsiliumque</span> <span class='ocrx_word' id='word_1_138' title='bbox 725 1939 795 1985; x_wconf 88' lang='lat' dir='ltr'>mihi.</span> 
     </span>
     <span class='ocr_line' id='line_1_21' title="bbox 277 2011 964 2080; baseline 0.006 -19"><span class='ocrx_word' id='word_1_139' title='bbox 277 2012 358 2078; x_wconf 89' lang='lat' dir='ltr'>thue</span> <span class='ocrx_word' id='word_1_140' title='bbox 370 2011 415 2072; x_wconf 89' lang='lat' dir='ltr'>fit,</span> <span class='ocrx_word' id='word_1_141' title='bbox 427 2015 453 2061; x_wconf 89' lang='lat' dir='ltr'>in</span> <span class='ocrx_word' id='word_1_142' title='bbox 463 2030 502 2062; x_wconf 89' lang='lat' dir='ltr'>me</span> <span class='ocrx_word' id='word_1_143' title='bbox 513 2011 620 2080; x_wconf 86' lang='lat' dir='ltr'>aliquid,</span> <span class='ocrx_word' id='word_1_144' title='bbox 635 2011 739 2079; x_wconf 83' lang='lat' dir='ltr'>siquid,</span> <span class='ocrx_word' id='word_1_145' title='bbox 752 2012 885 2064; x_wconf 85' lang='lat' dir='ltr'>dicentibus</span> <span class='ocrx_word' id='word_1_146' title='bbox 896 2016 964 2080; x_wconf 82' lang='lat' dir='ltr'>illis,</span> 
     </span>
     <span class='ocr_line' id='line_1_22' title="bbox 307 2092 850 2158; baseline 0 -18"><span class='ocrx_word' id='word_1_147' title='bbox 307 2092 438 2140; x_wconf 78' lang='lat' dir='ltr'>Abnuerim</span> <span class='ocrx_word' id='word_1_148' title='bbox 451 2093 544 2155; x_wconf 83' lang='lat' dir='ltr'>quoties</span> <span class='ocrx_word' id='word_1_149' title='bbox 553 2095 725 2158; x_wconf 79' lang='lat' dir='ltr'>annuerimque</span> <span class='ocrx_word' id='word_1_150' title='bbox 737 2127 745 2151; x_wconf 92' lang='lat'><strong><em>‚</em></strong></span> <span class='ocrx_word' id='word_1_151' title='bbox 757 2106 850 2156; x_wconf 83' lang='lat' dir='ltr'>putant.</span> 
     </span>
     <span class='ocr_line' id='line_1_23' title="bbox 275 2165 872 2235; baseline 0.003 -17"><span class='ocrx_word' id='word_1_152' title='bbox 275 2165 343 2218; x_wconf 76' lang='lat' dir='ltr'>udde</span> <span class='ocrx_word' id='word_1_153' title='bbox 352 2203 360 2227; x_wconf 91' lang='lat'>,</span> <span class='ocrx_word' id='word_1_154' title='bbox 369 2165 435 2233; x_wconf 86' lang='lat' dir='ltr'>quod</span> <span class='ocrx_word' id='word_1_155' title='bbox 445 2168 557 2232; x_wconf 78' lang='lat' dir='ltr'>injustum</span> <span class='ocrx_word' id='word_1_156' title='bbox 569 2167 647 2234; x_wconf 81' lang='lat' dir='ltr'>rigido</span> <span class='ocrx_word' id='word_1_157' title='bbox 655 2174 691 2235; x_wconf 81' lang='lat' dir='ltr'>jus</span> <span class='ocrx_word' id='word_1_158' title='bbox 702 2167 789 2220; x_wconf 85' lang='lat' dir='ltr'>dicitur</span> <span class='ocrx_word' id='word_1_159' title='bbox 798 2172 852 2220; x_wconf 84' lang='lat' dir='ltr'>ense</span> <span class='ocrx_word' id='word_1_160' title='bbox 865 2189 872 2220; x_wconf 74' lang='grc' dir='ltr'>ι</span> 
     </span>
     <span class='ocr_line' id='line_1_24' title="bbox 306 2243 807 2312; baseline 0.006 -18"><span class='ocrx_word' id='word_1_161' title='bbox 306 2245 401 2294; x_wconf 82' lang='lat' dir='ltr'>Dantur</span> <span class='ocrx_word' id='word_1_162' title='bbox 412 2248 437 2295; x_wconf 81' lang='lat' dir='ltr'>bt</span> <span class='ocrx_word' id='word_1_163' title='bbox 448 2247 474 2293; x_wconf 88' lang='lat' dir='ltr'>in</span> <span class='ocrx_word' id='word_1_164' title='bbox 481 2243 667 2295; x_wconf 82' lang='lat' dir='ltr'>mediovulnera</span> <span class='ocrx_word' id='word_1_165' title='bbox 678 2249 737 2312; x_wconf 81' lang='lat' dir='ltr'>saepe</span> <span class='ocrx_word' id='word_1_166' title='bbox 745 2247 807 2297; x_wconf 86' lang='lat' dir='ltr'>foro.</span> 
     </span>
     <span class='ocr_line' id='line_1_25' title="bbox 225 2320 931 2390; baseline 0.01 -19"><span class='ocrx_word' id='word_1_167' title='bbox 225 2334 254 2384; x_wconf 84' lang='lat'>45</span> <span class='ocrx_word' id='word_1_168' title='bbox 274 2323 297 2372; x_wconf 90' lang='lat'>0</span> <span class='ocrx_word' id='word_1_169' title='bbox 315 2320 399 2372; x_wconf 81' lang='lat' dir='ltr'>duram</span> <span class='ocrx_word' id='word_1_170' title='bbox 410 2323 540 2374; x_wconf 74' lang='lat' dir='ltr'>lachesin!</span> <span class='ocrx_word' id='word_1_171' title='bbox 552 2339 605 2389; x_wconf 82' lang='lat' dir='ltr'>quae</span> <span class='ocrx_word' id='word_1_172' title='bbox 616 2339 666 2373; x_wconf 80' lang='lat' dir='ltr'>tem</span> <span class='ocrx_word' id='word_1_173' title='bbox 678 2341 747 2390; x_wconf 80' lang='lat' dir='ltr'>grave</span> <span class='ocrx_word' id='word_1_174' title='bbox 758 2323 821 2375; x_wconf 84' lang='lat' dir='ltr'>sidus</span> <span class='ocrx_word' id='word_1_175' title='bbox 832 2327 931 2379; x_wconf 81' lang='lat' dir='ltr'>habenti</span> 
     </span>
     <span class='ocr_line' id='line_1_26' title="bbox 305 2398 768 2453; baseline 0.009 -5"><span class='ocrx_word' id='word_1_176' title='bbox 305 2400 357 2448; x_wconf 80' lang='lat' dir='ltr'>Fila</span> <span class='ocrx_word' id='word_1_177' title='bbox 371 2398 439 2450; x_wconf 88' lang='lat' dir='ltr'>dedit</span> <span class='ocrx_word' id='word_1_178' title='bbox 445 2404 501 2451; x_wconf 76' lang='lat' dir='ltr'>vitre</span> <span class='ocrx_word' id='word_1_179' title='bbox 513 2417 563 2450; x_wconf 88' lang='lat' dir='ltr'>non</span> <span class='ocrx_word' id='word_1_180' title='bbox 574 2403 683 2453; x_wconf 81' lang='lat' dir='ltr'>breviora</span> <span class='ocrx_word' id='word_1_181' title='bbox 695 2403 768 2452; x_wconf 67' lang='lat' dir='ltr'>men!</span> 
     </span>
     <span class='ocr_line' id='line_1_27' title="bbox 273 2477 919 2546; baseline 0.006 -18"><span class='ocrx_word' id='word_1_182' title='bbox 273 2477 347 2538; x_wconf 87' lang='lat' dir='ltr'>Quod</span> <span class='ocrx_word' id='word_1_183' title='bbox 360 2482 442 2542; x_wconf 70' lang='lat' dir='ltr'>patrie</span> <span class='ocrx_word' id='word_1_184' title='bbox 451 2479 537 2534; x_wconf 84' lang='lat' dir='ltr'>vultu,</span> <span class='ocrx_word' id='word_1_185' title='bbox 548 2480 672 2546; x_wconf 82' lang='lat' dir='ltr'>vestroque</span> <span class='ocrx_word' id='word_1_186' title='bbox 686 2497 811 2542; x_wconf 85' lang='lat' dir='ltr'>caremus,</span> <span class='ocrx_word' id='word_1_187' title='bbox 827 2485 899 2532; x_wconf 81' lang='lat' dir='ltr'>amici</span> <span class='ocrx_word' id='word_1_188' title='bbox 910 2502 919 2544; x_wconf 70' lang='grc' dir='ltr'>ς</span> 
     </span>
     <span class='ocr_line' id='line_1_28' title="bbox 303 2553 921 2624; baseline 0.008 -20"><span class='ocrx_word' id='word_1_189' title='bbox 303 2553 424 2621; x_wconf 85' lang='lat' dir='ltr'>Quodque</span> <span class='ocrx_word' id='word_1_190' title='bbox 437 2555 478 2605; x_wconf 87' lang='lat' dir='ltr'>hic</span> <span class='ocrx_word' id='word_1_191' title='bbox 494 2560 520 2604; x_wconf 90' lang='lat' dir='ltr'>in</span> <span class='ocrx_word' id='word_1_192' title='bbox 532 2557 649 2618; x_wconf 81' lang='lat' dir='ltr'>Scythicis</span> <span class='ocrx_word' id='word_1_193' title='bbox 659 2555 745 2606; x_wconf 85' lang='lat' dir='ltr'>finibus</span> <span class='ocrx_word' id='word_1_194' title='bbox 757 2555 802 2606; x_wconf 81' lang='lat' dir='ltr'>effe</span> <span class='ocrx_word' id='word_1_195' title='bbox 814 2575 902 2624; x_wconf 88' lang='lat' dir='ltr'>queror</span> <span class='ocrx_word' id='word_1_196' title='bbox 913 2579 921 2620; x_wconf 77' lang='lat'><em>3</em></span> 
     </span>
     <span class='ocr_line' id='line_1_29' title="bbox 271 2634 917 2700; baseline 0.006 -17"><span class='ocrx_word' id='word_1_197' title='bbox 271 2634 378 2700; x_wconf 79' lang='lat' dir='ltr'>Utraque</span> <span class='ocrx_word' id='word_1_198' title='bbox 385 2649 456 2698; x_wconf 82' lang='lat' dir='ltr'>poena</span> <span class='ocrx_word' id='word_1_199' title='bbox 465 2637 542 2698; x_wconf 78' lang='lat' dir='ltr'>gravit</span> <span class='ocrx_word' id='word_1_200' title='bbox 553 2653 559 2680; x_wconf 71' lang='grc' dir='ltr'>ι</span> <span class='ocrx_word' id='word_1_201' title='bbox 573 2636 649 2684; x_wconf 85' lang='lat' dir='ltr'>merui</span> <span class='ocrx_word' id='word_1_202' title='bbox 657 2649 736 2685; x_wconf 84' lang='lat' dir='ltr'>tamen</span> <span class='ocrx_word' id='word_1_203' title='bbox 747 2634 812 2684; x_wconf 86' lang='lat' dir='ltr'>Urbe</span> <span class='ocrx_word' id='word_1_204' title='bbox 820 2652 917 2697; x_wconf 75' lang='lat' dir='ltr'>carere3</span> 
     </span>
     <span class='ocr_line' id='line_1_30' title="bbox 223 2708 740 2786; baseline -0.006 -24"><span class='ocrx_word' id='word_1_205' title='bbox 223 2738 254 2786; x_wconf 80' lang='lat'>50</span> <span class='ocrx_word' id='word_1_206' title='bbox 303 2713 360 2762; x_wconf 90' lang='lat' dir='ltr'>Non</span> <span class='ocrx_word' id='word_1_207' title='bbox 375 2715 451 2760; x_wconf 84' lang='lat' dir='ltr'>merui</span> <span class='ocrx_word' id='word_1_208' title='bbox 463 2712 506 2760; x_wconf 78' lang='lat' dir='ltr'>eali</span> <span class='ocrx_word' id='word_1_209' title='bbox 515 2711 616 2760; x_wconf 76' lang='lat' dir='ltr'>forsitan</span> <span class='ocrx_word' id='word_1_210' title='bbox 624 2708 669 2760; x_wconf 82' lang='lat' dir='ltr'>else</span> <span class='ocrx_word' id='word_1_211' title='bbox 675 2711 740 2760; x_wconf 86' lang='lat' dir='ltr'>loco.</span> 
     </span>
     <span class='ocr_line' id='line_1_31' title="bbox 270 2786 981 2856; baseline 0.011 -20"><span class='ocrx_word' id='word_1_212' title='bbox 270 2786 981 2856; x_wconf 61' lang='lat' dir='ltr'>Quidloquormh!demenslipsnmquoqueperderevitam,</span> 
     </span>
     <span class='ocr_line' id='line_1_32' title="bbox 303 2865 806 2934; baseline 0 -15"><span class='ocrx_word' id='word_1_213' title='bbox 303 2866 402 2924; x_wconf 73' lang='lat' dir='ltr'>Caesaris</span> <span class='ocrx_word' id='word_1_214' title='bbox 409 2866 503 2918; x_wconf 83' lang='lat' dir='ltr'>offenso</span> <span class='ocrx_word' id='word_1_215' title='bbox 508 2869 625 2930; x_wconf 88' lang='lat' dir='ltr'>nurnine,</span> <span class='ocrx_word' id='word_1_216' title='bbox 636 2865 721 2934; x_wconf 77' lang='lat' dir='ltr'>dignus</span> <span class='ocrx_word' id='word_1_217' title='bbox 731 2883 806 2919; x_wconf 77' lang='lat' dir='ltr'>eram.</span> 
     </span>
    </p>
   </div>
   <div class='ocr_carea' id='block_1_3' title="bbox 0 0 1172 3917">
    <p class='ocr_par' dir='ltr' id='par_1_3' title="bbox 0 0 1172 3917">
     <span class='ocr_line' id='line_1_33' title="bbox 0 0 1172 3917; baseline 0 0"><span class='ocrx_word' id='word_1_218' title='bbox 0 0 1172 3917; x_wconf 95' lang='lat' dir='ltr'> </span> 
     </span>
    </p>
   </div>
  </div>
 </body>
</html>
