2334 3917
457 415 626 481 Inrr.
834 432 896 497 39¹

217 533 327 603 Corpore
337 535 444 588 lustravit
453 551 503 586 uon
513 532 626 585 diuturna
636 533 679 583 suo
691 550 698 581 e

184 612 267 681 thue
276 650 285 676 ,
294 632 385 665 novum
396 613 463 680 passi
472 628 545 677 genus
555 606 748 675 Hippomeneide
757 621 834 673 pteuae
845 640 854 660 2
907 616 949 663 335

219 694 316 742 Tradlus
327 696 353 742 in
363 695 439 741 Attea
450 690 525 739 fertur
535 686 628 738 adulter
638 690 713 737 humo
723 704 730 735 r

88 800 99 819 a
184 769 237 829 Sic,
250 771 290 818 ubi
299 772 349 819 vita
358 784 412 817 tuos
420 768 495 817 invisa
505 766 628 832 reliquerit
637 778 716 816 artus,

218 848 315 896 Ultores
327 850 419 912 rapiant
430 860 497 909 turpe
507 840 608 894 cadaver
618 844 683 908 equi.

183 922 280 975 Viscera
290 927 323 974 sic
334 924 420 989 aliquis
429 921 539 988 scopulus
551 936 592 971 tua
604 919 663 986 figat
670 953 679 980 ‚
690 932 718 969 ut
727 917 789 967 olim

215 1002 273 1052 Fixa
285 1003 328 1051 sub
337 1002 447 1051 Euboico
459 1002 532 1065 Graia
539 999 605 1049 fuere
616 1001 678 1047 sinu

183 1078 265 1145 thue
276 1079 343 1130 ferox
353 1082 424 1145 periit
435 1082 460 1128 &
472 1078 574 1128 fulmine
584 1081 718 1142 &equore
727 1087 823 1139 raptor,

216 1159 253 1206 Sic
270 1173 292 1207 te
305 1159 420 1209 mersuras
434 1154 531 1222 adjuvet
545 1158 607 1220 iguis
622 1170 704 1221 aquas.

183 1233 254 1285 Mens
265 1251 360 1302 quoque
372 1238 405 1285 sic
417 1236 435 1285 F
437 1237 494 1287 uriis
507 1250 590 1285 secors
604 1235 722 1298 agitetur,
735 1245 762 1280 nt
775 1229 813 1279 illi

159 1332 161 1335 ·
216 1310 298 1374 Unum
311 1315 350 1362 cui
361 1328 417 1363 toto
433 1328 534 1379 corpore
549 1311 637 1364 vulnus
653 1325 713 1360 erat.

181 1386 263 1455 thue
273 1388 413 1453 Dryantirle
423 1387 565 1455 Rhodopeia
577 1402 650 1454 regna
660 1389 767 1448 tenenti,

215 1466 242 1518 ln
254 1465 351 1533 gemino
361 1467 439 1534 dispar
450 1470 489 1517 cui
499 1464 560 1532 pede
570 1466 649 1518 cultus
660 1480 721 1516 erat.

181 1542 217 1595 Ut
228 1544 274 1595 suit
285 1546 359 1597 OEtaeo
370 1543 493 1613 quondam
505 1578 513 1604 ,
524 1560 659 1611 generoque
668 1541 801 1593 draconum
807 1575 817 1603 ,

212 1623 381 1691 Tisamenique
392 1628 470 1691 patri,
483 1622 651 1689 Calliroe‘sque
660 1623 724 1671 viro.

179 1699 232 1751 Nec
242 1701 287 1751 tibi
297 1706 422 1767 contingat
432 1714 542 1753 matrona
552 1698 663 1766 pudicior
672 1697 733 1760 illl,

212 1778 266 1839 Qud
276 1782 356 1844 potuit
367 1776 464 1842 Tydeus
475 1774 592 1833 erubuisse
605 1792 677 1829 nutu.

178 1853 284 1921 Quaque
296 1858 331 1905 sui
344 1856 462 1905 Venerem
473 1857 551 1921 junxit
561 1871 619 1904 cum
631 1854 704 1904 fratre
714 1854 795 1904 mariti
803 1887 815 1910 ,

212 1932 294 1981 Locris
307 1936 332 1982 in
343 1932 436 2003 ancille
447 1931 595 1986 dissimulata
606 1950 699 1983 necem.

173 2004 212 2058 *Di
224 2024 319 2076 quoque
331 2026 380 2060 tam
392 2008 481 2061 faciant
492 2014 566 2076 possis
576 2009 678 2077 gaudere
688 2010 756 2061 fideli
816 2048 821 2054 .

210 2086 338 2154 Coniuge,
354 2105 427 2156 quam
442 2088 510 2139 Talai
526 2088 695 2155 Tyndareique
709 2088 795 2155 gener!

176 2164 298 2232 Quaque,
315 2184 397 2233 parare
410 2168 456 2217 suis
473 2166 547 2218 letum
562 2167 709 2235 patruelibus
727 2168 804 2226 ausae,

209 2241 316 2303 Belides,
331 2244 424 2297 assidui
438 2246 501 2295 colla
513 2261 653 2312 premuntur
666 2244 736 2310 aqud.

175 2317 291 2382 Byblidos
302 2324 327 2371 δι
339 2322 447 2371 Canaces
458 2356 466 2382 ,
476 2326 537 2371 sicut
548 2322 625 2381 facit,
637 2312 718 2371 ardeat
728 2326 802 2388 ignee

208 2396 261 2446 Nec
267 2431 277 2455 ,
288 2400 333 2446 nisi
343 2414 384 2462 per
393 2402 500 2457 crimen,
512 2402 542 2448 sit
552 2400 596 2447 tibi
607 2413 664 2448 nota
677 2402 754 2449 soror.

175 2474 265 2526 filiast
276 2472 365 2534 fuerit,
379 2478 410 2524 sit
421 2474 487 2541 quod
499 2475 601 2542 Pelopea
611 2476 736 2539 Thyeste,

206 2552 306 2615 Myrrha
317 2553 359 2601 suo
370 2556 448 2617 patri,
459 2552 649 2620 Nyctimeneque
659 2557 711 2604 suo.

174 2629 242 2682 Neve
253 2633 328 2695 magis
339 2633 377 2694 pia
388 2633 435 2689 sit,
452 2634 571 2696 capitique
581 2636 684 2697 parentis
695 2636 786 2695 amica,

206 2707 288 2769 Qudm
300 2709 344 2757 tibi
354 2707 409 2767 vel,
426 2709 534 2769 Pterela,
545 2710 583 2759 vel
595 2712 640 2759 tibi
651 2746 659 2770 ,
672 2710 742 2769 Nise,
755 2712 810 2762 fuit.

79 2842 80 2845 Ἴ
172 2784 340 2851 Infamemque
353 2786 433 2835 locum
445 2787 537 2837 sceleris
550 2804 604 2854 quae
615 2791 713 2839 nornine
724 2789 798 2846 fecit,

204 2863 290 2913 Pressit
300 2867 326 2914 δι
337 2862 437 2914 indusiis
447 2868 555 2917 membra
565 2882 663 2933 paterna
673 2871 741 2918 rotis.

171 2939 206 2990 Ut
217 2946 312 3006 invenes
322 2976 329 3000 ,
341 2959 438 3009 pereas,
451 2962 555 3011 quorum
567 2946 658 3011 sastign
670 2947 754 3015 vultur,
888 2966 933 3021 365

201 3018 267 3067 Olim
280 3022 351 3071 Piseae
363 3022 489 3073 sustinuere
501 3022 567 3075 soris.

79 3088 80 3095 ’
171 3091 207 3143 Ut
218 3098 258 3167 qui
267 3098 386 3164 perfusam
396 3102 538 3155 miserorum
547 3105 608 3173 sepe
616 3119 764 3171 precntum,

697 3183 766 3260 uu
