2334 3917
298 352 753 419 Kntruuan1vu.
881 368 903 427 7

292 489 758 578 FEBRUARIUS·

159 640 238 700 dKal
255 637 339 697 Febr.
362 635 519 714 Templum
539 635 647 696 facium
666 632 706 693 est
718 631 879 695 Carmenti.

390 716 558 778 Celebratur
581 716 710 796 Asylum.

157 820 226 859 etv.
326 797 406 859 Non.
429 799 503 879 Lyra
522 800 631 879 penitus
647 794 762 856 occidit.

155 882 169 940 f
188 903 231 941 111.
329 878 410 939 Non.
431 878 548 939 Occidit
566 876 704 960 Delphin.

154 984 171 1044 g
189 982 221 1020 11.
329 960 408 1020 Non.
690 982 693 987 ·

151 1046 174 1103 A
194 1042 296 1103 Nonis.
350 1038 492 1125 Augustus
511 1040 601 1103 diuus
621 1039 661 1099 est
678 1040 760 1099 Pater
781 1035 905 1119 patriae.'

413 1122 553 1205 Aquarius
575 1122 654 1183 vadit
676 1121 713 1181 ad
736 1117 822 1180 occas
870 1162 877 1177 .

149 1204 166 1262 b
187 1223 259 1261 vm.
331 1200 373 1261 Id.

149 1306 162 1343 c
185 1304 242 1343 vn.
331 1282 374 1343 ld.
394 1282 503 1345 Primus
524 1285 582 1346 dies
600 1283 751 1345 Petalium.

148 1364 165 1504 i
183 1384 230 1505 ii·
309 1409 312 1413 -
330 1362 373 1505 ii.
395 1444 456 1504 Ver
473 1445 529 1505 inti
549 1446 579 1506 it.

146 1525 162 1586 f
184 1545 229 1586 rt.
329 1524 373 1586 Id.
393 1524 509 1586 Initium
559 1529 620 1588 eris.
874 1577 877 1582 ⁴

145 1625 234 1690 gur.
330 1603 372 1667 Id.
403 1605 507 1668 Bootes
537 1608 624 1669 oritur
651 1629 659 1666 t
684 1614 712 1669 tt
740 1603 779 1666 est
806 1602 907 1665 festum

413 1687 512 1751 Fauni.

145 1768 173 1828 Α
192 1786 230 1826 11.
331 1766 374 1828 Id.

144 1845 292 1909 bidibus.
351 1846 461 1910 Festum
488 1849 567 1910 Jovis
593 1856 620 1909 δι
650 1848 749 1909 Fauni.
774 1844 909 1908 Nefastus

415 1930 473 1991 dies
492 1928 655 1991 Fabiorum.

143 2030 159 2068 c
181 2030 254 2070 xvi.
329 2010 392 2071 Kal.
406 2012 515 2072 Martii.
535 2011 669 2095 Anguis,
692 2010 821 2082 Corvus,
836 2008 910 2071 Cru-

412 2111 452 2152 ter
469 2111 604 2153 oriuntur.

237 2217 244 2233 .
331 2172 394 2233 Kar.
425 2174 476 2235 Sol
498 2175 582 2235 intrat
608 2176 639 2235 in
666 2171 768 2234 Pisces.
801 2173 908 2233 Iterum

411 2255 510 2315 Fauni.

246 2379 254 2394 .
329 2335 392 2394 Kal.

251 2461 259 2476 .
331 2416 386 2475 Kal
406 2414 517 2475 Festum
537 2416 661 2494 Quirini
679 2414 793 2478 Festum
810 2415 908 2477 stulto·

412 2498 478 2556 rum¹
493 2506 520 2557 &
536 2498 679 2559 Fomatir.
903 2532 906 2537 ,

239 2623 246 2637 .
332 2577 394 2637 Kal.
413 2578 530 2638 Feralia.

233 2703 241 2719 .
332 2658 394 2717 Kal.
413 2657 534 2719 Caristia
552 2662 687 2720 vitorum.

208 2784 217 2797 .
331 2739 393 2800 Kal.
414 2738 553 2801 Termini.

220 2865 228 2880 .
332 2820 394 2881 Kal.

252 2945 261 2962 .
328 2900 392 2965 Kal.
413 2902 494 2996 iuga
505 2900 658 2987 Tarquinii
676 2903 803 2986 Superbi.
821 2904 905 2966 Veris

410 3003 536 3045 mittum.

679 3088 684 3102 =
708 3065 736 3124 Α
756 3067 784 3127 iv
