2334 3917
283 439 557 507 Tarrrrurr
581 431 773 502 ΕΜΓ.
826 453 895 518 247

212 557 278 607 lmus
286 557 317 608 ad
327 560 431 624 insigues
441 555 514 605 Urbir
524 556 554 606 ab
564 569 614 605 arte
625 557 698 604 viror.

177 632 260 686 frater
270 634 301 685 ad
312 635 437 700 eloquium
448 632 520 685 viridi
531 632 645 683 tendebat
655 634 685 683 ab
695 649 747 683 avo
757 666 765 694 ‚

211 712 292 761 Fortia
302 713 396 763 verbosi
406 726 475 761 uatus
486 708 518 762 ad
527 727 594 759 arma
605 711 668 758 Fori.

178 790 210 838 At
221 792 281 839 mihi
292 795 342 857 jam
352 804 427 856 puero
437 789 541 840 coelestia
552 791 616 838 sacra
627 786 771 852 placebant,

214 867 290 934 inque
299 871 366 917 suum
378 867 463 917 furtim
476 867 547 919 Musa
558 867 666 916 trahebat
674 879 743 929 opus.

180 945 245 1010 Saepe
255 962 323 1012 pater
334 946 411 1007 dixit,
422 944 534 996 Studium
546 943 605 1012 quid
616 944 702 994 inutile
713 944 807 992 tentari

211 1023 344 1074 Maeonides
358 1024 436 1074 nullae
446 1026 496 1090 ipse
506 1024 604 1090 reliquit
616 1039 682 1088 oper.

179 1099 263 1150 Morus
273 1119 340 1152 eram
348 1100 418 1152 distin
428 1121 435 1151 t
448 1117 549 1168 totoque
559 1101 678 1152 Helicone
685 1098 783 1159 relicto,

212 1181 318 1230 Scribere
328 1182 433 1231 conabar
441 1183 514 1232 verba
525 1180 604 1230 soluta
617 1176 706 1228 modia.

180 1257 272 1322 Sponte
282 1258 325 1308 sui
334 1274 431 1308 carmen
441 1274 553 1308 numeros
563 1258 675 1309 veniebat
687 1253 718 1305 ad
727 1269 812 1321 aptota

210 1333 262 1394 Et,
280 1333 347 1401 quod
359 1337 481 1386 tentabam
494 1336 592 1392 dicere,
605 1337 685 1386 versut
700 1349 760 1384 erat.

179 1411 289 1472 interea,
303 1416 378 1464 tacito
386 1411 452 1480 passu
464 1415 598 1468 labentibus
610 1417 693 1468 annis,

213 1489 323 1541 Liberior
333 1491 401 1542 fratri
413 1494 507 1548 sumta,
519 1495 627 1558 mihique
639 1527 648 1553 ,
659 1505 715 1560 toga
727 1479 778 1542 este

178 1566 337 1636 induiturque
347 1572 461 1622 humero:
469 1587 525 1629 cum
538 1571 698 1636 lato-purpura
706 1569 793 1628 riatur

210 1645 242 1695 Et
252 1645 356 1697 studium
364 1652 451 1709 nobie,
466 1649 536 1716 quod
546 1649 592 1698 suit
602 1663 657 1698 aute
667 1683 675 1708 ,
686 1661 777 1698 manet.

177 1727 280 1794 Jamque
296 1726 380 1778 decem
389 1733 446 1780 vitu
457 1729 531 1781 frater
542 1731 706 1795 geminaverat
718 1741 812 1787 annos,

205 1801 272 1854 Cum
285 1807 363 1868 perit,
375 1808 400 1853 br
412 1807 475 1870 etepi
485 1817 552 1868 parte
563 1819 642 1852 earere
652 1803 710 1852 mei·

181 1877 299 1944 Cepimus
310 1885 335 1931 bt
345 1896 430 1931 tenera
438 1884 529 1951 primos
537 1884 612 1930 etatis
622 1883 741 1934 honores,

212 1958 280 2025 Eque
290 1961 347 2010 viris
354 1957 478 2026 quondam
488 1975 542 2023 pare
552 1959 627 2008 tribur
636 1971 682 2006 una
690 1956 735 2006 sui.

178 2033 255 2092 Curia
263 2036 377 2086 restabat:
387 2036 450 2086 clavi
459 2037 570 2086 mensura
579 2034 709 2084 corsiaest.

212 2113 292 2180 Majue
303 2131 353 2163 erat
361 2115 449 2164 nostrie
457 2116 548 2165 viribus
558 2112 621 2164 iliud
630 2129 700 2163 onus.

179 2189 233 2244 Nec
244 2194 335 2256 patiens
347 2208 446 2257 corpus,
454 2209 499 2241 nee
507 2208 574 2240 ruens
587 2192 633 2241 suit
643 2207 698 2257 apta
706 2191 801 2252 laboria

214 2270 367 2338 Solieiraeque
378 2270 451 2336 fugax
461 2271 601 2320 ambitionis
612 2287 691 2319 erame

179 2347 212 2397 Et
224 2363 304 2412 petere
315 2349 397 2398 Aonia:
410 2347 539 2398 suadebant
550 2363 602 2397 tuta
614 2351 711 2398 Sororer

211 2426 282 2484 Otia,
292 2425 385 2490 Judicio
396 2427 487 2497 semper
498 2441 577 2476 amata
588 2443 654 2476 meo.

179 2504 308 2568 Temporis
316 2504 380 2556 illius
387 2504 452 2554 colui
460 2504 560 2570 fovique
566 2510 649 2570 po'e'ras
659 2521 687 2553 a·

211 2583 327 2649 Quotque
337 2581 436 2658 aderant
444 2599 526 2639 vater,
537 2584 605 2632 rebar
616 2580 694 2634 adesse
705 2582 781 2632 Deor.
892 2617 904 2657 r

179 2663 245 2726 Saepe
256 2664 307 2712 suas
315 2662 425 2713 volueret
434 2663 492 2727 legit
501 2663 562 2711 mihi
573 2660 688 2727 grandior
697 2679 749 2712 aevo
760 2695 768 2721 ‚

212 2741 319 2806 Quaque
330 2756 402 2789 notet
411 2742 523 2806 serpens,
535 2757 589 2806 quae
596 2745 663 2806 juvet
674 2741 761 2799 herba,
773 2737 865 2788 Macer.

179 2819 247 2882 Saepe
262 2819 316 2866 suoe
327 2818 411 2868 solitus
420 2822 519 2869 recitare
529 2821 666 2883 Propertius
675 2821 757 2884 ignes,
916 2833 945 2880 45

210 2897 266 2945 Jure
277 2895 382 2946 sodalitii
394 2900 435 2963 qui
443 2899 504 2946 mihi
515 2901 607 2962 juntius
617 2912 676 2947 erat.

177 2975 293 3024 Ponticus
305 2975 386 3024 Heroo
399 3011 407 3034 ,
426 2972 507 3026 Bassus
519 2991 616 3042 quoque
629 2975 705 3025 clarus
715 2975 800 3028 iambo

211 3051 300 3100 Dulcia
313 3050 436 3102 conviiida
446 3053 555 3102 membra
567 3051 633 3100 fuere
645 3055 702 3102 mei.

177 3129 210 3182 Et
221 3133 299 3198 tenurit
309 3129 399 3182 nostrae
412 3131 552 3184 numerosus
563 3130 677 3183 Horatius
691 3147 776 3189 aures,

727 3209 790 3266 Ην
