2334 3917
243 373 313 440 204
384 357 426 424 P.
456 359 612 425 Ovrnrr
635 361 831 428 NAsonrr

273 473 341 524 Heu!
359 476 460 524 nirnititn
472 477 525 526 seri>
534 476 634 528 damnat
646 481 670 528 bc
680 476 734 528 odit
742 496 811 544 opus.

239 553 330 618 Inspice
338 554 397 621 quid
407 573 502 622 portem
515 575 521 608 ε
533 559 593 609 nihil
604 562 643 609 hie
654 563 698 608 nisi
711 560 774 610 triste
784 557 892 620 videbis,

192 644 222 677 ro
270 630 385 682 Carmine
401 638 546 701 temporibus
557 639 714 687 conveniente
726 639 779 686 suit.

237 707 332 760 clauda
340 711 407 777 quod
418 713 510 764 alterno
520 713 644 766 subsidunt
653 719 758 764 carmina
768 717 853 774 versu,

174 844 177 849 ¹
270 787 317 837 vel
334 788 401 855 pedit
411 793 458 840 hoc
470 794 548 852 ratio,
558 792 598 841 vel
609 794 648 842 via
658 792 730 856 longa
742 791 808 840 facit.

165 873 168 878 '
238 864 312 924 Quod
323 883 400 934 neque
413 871 464 917 sum
474 867 547 918 cedro
558 867 632 920 flavus
643 905 650 928 ,
662 886 706 918 nec
716 871 811 934 pumice
819 868 900 928 laevis3

270 943 361 995 Erubui
378 944 479 996 domino
491 946 578 996 cultior
590 944 636 995 elie
647 964 712 997 meo.

191 1023 217 1073 ¹5
238 1020 317 1071 Liteta
331 1021 429 1072 suffusae
443 1021 511 1088 quod
525 1024 598 1072 habet
616 1023 738 1075 maculosa
752 1023 853 1084 liturae,

269 1098 342 1149 Laexit
350 1117 409 1164 opus
419 1101 531 1164 lacrymis
538 1103 588 1166 ipse
599 1107 670 1166 poe'ta
678 1103 755 1151 suum.

237 1176 262 1224 Si
279 1192 326 1241 qua
344 1175 488 1228 videbuntur
496 1181 551 1228 casu
562 1195 612 1228 non
623 1179 685 1230 drea
695 1179 794 1239 Latinir

209 1295 212 1303 .
269 1254 298 1303 In
314 1255 363 1321 qul
373 1256 505 1312 scribebat,
516 1258 616 1308 barbara
628 1245 755 1307 terra'iuit.

187 1348 191 1360 ¹
237 1331 317 1381 Dicite
329 1367 337 1393 ‚
353 1332 467 1394 lectores,
479 1336 559 1383 sinon
568 1351 654 1400 grave,
669 1335 756 1400 quirit
765 1333 890 1397 eundum,

190 1420 220 1454 ιο
269 1410 381 1476 Quasque
391 1426 470 1475 petam
482 1410 545 1461 sedes
556 1414 641 1478 hospes
652 1415 677 1461 in
687 1411 752 1460 Urbe
762 1413 830 1461 liber.

235 1487 292 1537 Haec
302 1490 343 1537 ubi
350 1491 402 1538 sum
412 1488 494 1554 lingui
505 1488 590 1538 furtim
599 1491 715 1540 titubante
726 1489 838 1550 locutus,

269 1566 318 1626 Qui
326 1568 388 1614 mihi
406 1567 560 1627 monstraret,
574 1570 614 1617 vix
626 1567 673 1616 fuit
685 1583 759 1628 unus,
773 1571 827 1617 iter.

234 1642 269 1691 Di
282 1644 326 1692 tibi
336 1642 409 1704 dent,
423 1645 503 1694 nostro
518 1644 584 1711 quod
596 1661 645 1694 non
657 1645 758 1695 tribuite
773 1647 879 1711 parenti,

268 1721 379 1772 Molliter
393 1727 418 1772 in
429 1722 506 1788 patrii
514 1725 594 1774 vivete
610 1721 676 1788 polle
689 1722 738 1772 tui.

190 1798 217 1842 ²5
237 1798 291 1847 Duc
301 1816 359 1865 age,
372 1817 476 1866 namque
486 1803 589 1866 sequor:
600 1803 708 1866 quamvis
720 1801 830 1866 tetrique
839 1803 953 1869 marique

267 1877 523 1945 Longinquoreferam
533 1877 603 1928 lasus
614 1880 644 1928 ab
655 1880 711 1928 orbe
722 1876 816 1943 pedem.

235 1954 333 2014 Paruit;
345 1960 369 2004 bt
380 1955 483 2017 ducens,
495 1957 552 2006 Haec
563 1959 618 2005 sunt
628 1957 687 2004 Fura
698 1955 796 2008 Caesaris
805 1991 814 2016 ,
826 1957 919 2024 inquit:

268 2032 325 2082 Haec
337 2033 370 2082 est
383 2051 397 2083 a
410 2035 479 2082 sacris
493 2050 546 2099 quae
554 2037 595 2082 via
606 2050 694 2082 nomen
707 2034 786 2081 habet.

155 2122 159 2130 ’
233 2107 283 2158 llic
295 2109 362 2158 fotus
374 2110 406 2159 est
416 2109 559 2175 Vellae,qui
571 2107 667 2159 Pallada
679 2110 898 2174 servat&ignent=
943 2117 948 2128 ’

189 2191 218 2235 30
266 2186 315 2239 Hic
326 2186 373 2236 fuit
387 2189 479 2251 antiqui
489 2190 553 2251 regia
567 2203 640 2251 parva
650 2187 745 2236 Numae.

234 2262 293 2314 lnde
308 2279 389 2330 petens
401 2262 524 2324 dextram,
537 2265 609 2323 Pojrta
617 2264 666 2323 est,
678 2268 730 2323 ait,
746 2263 792 2314 ilia
802 2263 877 2313 Palati
890 2283 897 2313 ε

268 2343 315 2392 Hic
329 2345 407 2393 Stator
419 2361 425 2391 ε
436 2345 483 2391 hoc
493 2345 598 2408 prirntim
610 2341 707 2392 condita
719 2344 795 2393 Roma
807 2341 862 2392 loco
872 2340 914 2390 est.
968 2357 974 2361 ·

235 2421 331 2487 Singula
342 2421 400 2476 dnm
411 2424 503 2476 miror,
512 2419 585 2472 video
597 2420 745 2486 fulgentibus
754 2421 825 2470 armis
883 2467 887 2474 ,

267 2499 417 2566 Conspicuus
427 2500 523 2565 postet,
541 2501 649 2565 testaque
664 2497 736 2562 digna
748 2497 810 2546 Deo·
869 2525 874 2533 ι

189 2575 216 2622 ³5
235 2578 272 2638 An
283 2578 347 2627 lovis
357 2580 423 2636 h2c‚
435 2576 495 2636 (ἰὺεί,ι
507 2575 593 2626 domus
605 2576 648 2625 est?
659 2574 726 2641 quod
737 2592 763 2625 ut
771 2573 816 2624 eise
826 2589 953 2640 putarem,

268 2658 398 2720 Augurium
410 2656 486 2704 menti
495 2671 584 2720 querna
595 2670 684 2702 corona
696 2652 776 2703 dabat.
852 2679 857 2690 ι

235 2731 311 2794 Cujus
323 2748 350 2782 ut
362 2735 442 2798 accepi
453 2719 597 2791 doininum‚
610 2731 667 2780 Non
677 2731 799 2786 fallimur,
810 2733 910 2796 inquam
921 2749 933 2782 ι

266 2809 297 2858 Et
306 2814 387 2876 magni
397 2826 480 2860 vetum
487 2810 521 2859 est
530 2812 591 2858 hanc
600 2811 664 2858 lovis
677 2806 722 2858 elle
734 2807 846 2860 domum.

235 2883 287 2935 Cur
301 2901 381 2936 tamen
391 2886 500 2952 appositi
508 2887 600 2938 velatur
611 2891 682 2952 janua
693 2887 778 2939 lauro?

165 2957 218 3033 ·†⁰
269 2962 354 3028 Cingit
368 2968 392 3013 δε
409 2965 515 3029 auguliae
530 2965 600 3014 arbor
616 2980 690 3028 opaca
707 2963 786 3013 fores?

237 3041 508 3109 Nunquiaperpetuot
518 3045 606 3092 meruit
616 3039 703 3096 dumus
714 3056 761 3092 nna
771 3039 924 3106 triumphos?
