2334 3917
274 400 416 467 Errsr.
438 415 494 466 rx
519 399 673 468 ΡοΝΤο
695 401 733 470 L
758 403 788 470 I.
821 406 885 489 283

211 521 297 570 Lenito
313 520 434 570 medicam
443 519 541 571 vulnere
552 523 623 570 sensit
635 537 722 588 opem:

178 599 215 647 Sic
230 615 275 663 ego
285 614 366 648 mente
376 604 456 664 jacent
466 633 475 659 ,
486 603 510 648 bt
522 601 609 648 acerbo
618 601 707 650 saucius
718 602 779 664 illu,

210 675 343 726 Admonitu
353 679 416 741 coepi
427 677 514 726 fortior
525 674 571 726 effe
589 692 639 726 tuo.

178 755 208 803 Et
224 760 273 816 jam
285 751 403 804 'deficiens
419 758 454 804 sic
469 753 501 804 ad
515 769 556 805 tua
567 755 638 804 verba
653 757 746 814 revixi,

210 834 246 881 Ut
255 833 317 882 solet
334 832 412 882 infuso
428 849 490 883 vena
505 831 581 884 redire
592 849 669 883 mero.

177 909 236 959 Non
250 924 330 960 tamen
344 911 450 960 exhibuit
461 925 539 960 tautae
551 908 664 960 facundia
675 912 736 960 viret
748 943 758 970 ,

206 987 245 1036 Ur
261 1004 315 1037 mea
330 991 378 1037 sint
391 986 459 1053 didit
471 991 630 1054 pedorasana
647 991 702 1038 tuis.

176 1064 212 1113 Ut
228 1064 333 1114 multum
345 1065 430 1114 nostre
440 1065 522 1116 demas
532 1064 562 1116 de
572 1068 666 1131 gurgite
679 1081 741 1114 cure
752 1083 760 1124 3

209 1141 268 1192 Non
278 1145 357 1192 minus
368 1145 495 1203 exbaulbo,
506 1143 573 1209 quod
583 1144 702 1208 superabit
713 1176 722 1202 ,
737 1143 791 1192 erit.

84 1231 86 1265 l
177 1221 297 1284 Tempore
309 1218 409 1269 ducetur
420 1221 495 1286 longo
508 1219 605 1271 fortaffe
616 1223 728 1270 cicatrix:

209 1298 315 1347 Horreut
326 1295 435 1346 admotae
444 1297 543 1348 vulnera
553 1295 626 1347 cruda
634 1313 727 1346 manus.

178 1375 236 1424 Non
251 1375 284 1424 est
299 1378 325 1424 in
336 1373 432 1425 medico
449 1378 558 1440 semper,
569 1376 686 1427 relevetur
696 1390 722 1424 ut
737 1390 807 1440 eger.

209 1450 332 1508 Interdum
342 1451 413 1502 dour
423 1453 477 1517 plur
487 1453 551 1504 valer
558 1469 609 1503 arte
616 1452 717 1505 malum.

175 1528 275 1589 Cernis,
291 1543 318 1577 ut
329 1546 341 1577 e
355 1531 427 1578 molli
441 1532 533 1595 sanguir
545 1530 659 1595 pulmone
670 1526 778 1580 remiffur

207 1607 245 1657 Ad
257 1609 349 1672 Stygias
360 1623 425 1657 cerro
435 1608 513 1656 limite
523 1607 595 1657 ducat
607 1624 688 1673 aquas.

82 1688 83 1715 ³
174 1682 265 1735 Afferat
274 1687 322 1749 ipse
334 1684 391 1734 licet
403 1687 477 1734 sacras
490 1683 629 1750 Epidaurius
640 1686 741 1745 herbar,

206 1764 304 1812 §mabit
314 1762 389 1814 nulli·
394 1762 493 1811 vulnera
504 1761 582 1812 cordis
594 1779 649 1828 ope.

175 1840 273 1890 Tollere
279 1839 396 1890 nodosam
407 1829 482 1890 nescir
491 1840 611 1890 medicina
621 1837 751 1906 podagram
763 1871 773 1900 ,

207 1917 259 1967 Nee
275 1917 410 1968 formidaris
422 1919 549 1969 auxiliatur
565 1921 642 1984 aquit.

173 1995 241 2048 Cura
247 2013 344 2064 quoque
353 1995 475 2047 interdum
484 1996 553 2047 nulla
560 1995 710 2046 medicabilis
720 2009 769 2046 arte
779 2013 788 2056 ς
830 2021 836 2034 ·

208 2076 256 2124 Aur
267 2110 275 2134 ‚
292 2077 375 2135 ursit,
388 2074 501 2140 longiess
511 2072 660 2124 extenuanda
670 2073 747 2124 mori.

171 2151 238 2204 Ctlm
248 2153 307 2202 bene
318 2151 443 2202 firmarunt
454 2157 562 2201 animum
573 2167 690 2218 praecepta
699 2157 816 2218 jacentem
825 2186 834 2212 ,

207 2232 336 2295 Sumraque
347 2232 401 2278 sunt
411 2230 481 2278 uobis
491 2233 592 2294 pedoris
602 2247 668 2279 arma
680 2233 731 2288 tui3

172 2307 259 2357 Rursus
269 2323 338 2356 amor
349 2309 430 2372 patria
440 2341 449 2366 ‚
460 2307 551 2356 ratione
562 2308 681 2358 valentior
694 2310 762 2356 omni
774 2341 783 2366 ,

205 2383 278 2444 Quod
294 2397 334 2433 tua
351 2387 590 2449 texueruntlcripta,
606 2389 691 2436 retexit
703 2403 771 2450 opus.

172 2463 226 2511 Sive
242 2464 309 2526 pium
325 2465 361 2513 vis
375 2465 439 2522 lroc,
451 2466 500 2512 sire
511 2465 558 2512 hoe
573 2463 690 2512 muliebre
700 2466 796 2521 vocari,

204 2539 332 2590 Confiteor
342 2542 430 2590 misero
440 2540 516 2590 molle
526 2557 568 2589 cor
580 2537 627 2589 elle
637 2542 708 2590 milri.

170 2617 229 2668 Nou
241 2615 315 2686 dubia
327 2617 360 2666 est
369 2619 445 2668 Ithaci
456 2616 582 2682 prudentia
591 2635 597 2666 r
607 2616 648 2667 sed
659 2633 739 2668 tamen
750 2631 818 2682 optat

203 2685 306 2744 Fumur'u
315 2694 345 2745 de
356 2699 437 2760 patriis
447 2694 513 2762 polle
525 2695 606 2747 videre
619 2695 688 2746 focis.

169 2774 258 2824 Nescio
269 2773 317 2838 qui
326 2774 405 2824 natale
413 2774 490 2823 solum
502 2772 629 2824 dulcedine
640 2787 721 2839 captor

202 2851 294 2906 Ducit,
310 2854 336 2900 bt
349 2854 501 2901 immemores
515 2869 566 2902 non
577 2855 634 2902 sinit
646 2851 693 2904 elle
708 2854 751 2900 sui.

171 2927 239 2990 Quid
248 2929 335 2979 melius
351 2930 451 2981 Romi?
466 2932 579 2993 Scythico
590 2929 649 2997 quid
666 2931 754 2996 frigore
764 2933 830 2996 pejus
838 2933 855 2992 i,

202 3006 256 3056 llue
267 3021 349 3073 tameo
359 3025 387 3058 ex
395 3009 440 3060 rllr
450 3011 561 3060 barbarus
572 3011 630 3062 urbe
643 3009 715 3075 fugit.

170 3081 237 3138 Ctlru
248 3085 309 3138 berte
323 3087 354 3138 rit
372 3087 457 3139 clause
466 3088 539 3141 carel
552 3086 674 3142 Pandione
684 3099 761 3148 nate.
