2334 3917
317 392 332 459 3
342 394 385 458 34
445 368 674 439 P..Os⁷rnrr
698 370 892 437 NAtorurs

344 490 450 556 fusaque
458 506 525 540 erant
537 506 592 541 toto
602 490 716 556 languida
725 493 834 541 membra
841 507 914 541 toros

291 616 297 621 ,
310 566 375 619 Cim
386 570 465 619 subito
476 574 559 635 pennis
567 573 669 635 agitatus
678 573 797 619 inhorruit
803 576 859 625 a'e‘r,
911 585 914 591 ·

262 668 291 703 10
341 646 371 694 Et
383 650 475 710 gemuit
486 664 560 712 parvo
570 662 638 697 mota
648 648 746 697 fenestra
757 650 826 697 sono.

307 722 413 773 Territus
430 728 456 774 in
471 728 578 776 cubitum
590 726 671 777 relevo
682 744 736 793 mea
747 728 856 775 membra
866 726 989 777 sinistrum
1001 748 1008 776 ε

338 802 456 853 Pulsus&
468 820 479 852 e
493 802 587 868 trepido
601 807 694 869 pestore
702 806 799 853 somnus
810 806 869 853 abit.

304 880 386 930 Stabat
397 882 472 931 Amor
481 882 567 941 vultu,
583 898 633 931 non
644 898 693 947 quo
703 880 767 946 priris
779 880 826 929 eise
837 883 949 943 solebat,

337 960 420 1009 Fulcra
433 976 513 1008 tenens
532 960 592 1009 laevt
609 960 679 1009 tristis
693 976 777 1008 acerna
789 976 873 1010 manu.

257 1052 283 1100 ¹5
303 1034 355 1085 Nec
367 1050 476 1102 torquem
489 1036 573 1095 collo,
588 1052 634 1086 nec
649 1038 737 1085 habens
753 1035 842 1084 crinale
856 1035 971 1100 capilii53

335 1113 386 1163 Nec
401 1115 460 1164 bene
477 1113 603 1180 dispositas
613 1128 724 1172 comtos,
737 1128 764 1161 ut
774 1129 846 1172 ante,
866 1130 957 1162 comte.

299 1191 404 1242 Horrida
414 1190 549 1259 pendebant
560 1193 645 1241 molles
655 1195 723 1257 super
732 1208 776 1241 ora
785 1190 884 1255 capilii3

333 1270 365 1319 Et
378 1273 428 1321 visa
445 1271 477 1319 est
487 1270 564 1319 oculis
574 1268 673 1319 humida
683 1286 761 1335 penna
775 1273 844 1319 meis.

298 1348 381 1407 Qualis
394 1352 418 1397 in
433 1351 500 1397 a'e'riae
512 1362 579 1413 tergo
588 1348 650 1397 soiet
660 1345 707 1396 eise
717 1347 856 1406 columba,

250 1450 280 1483 20
329 1426 483 1475 Tratiantrinr
495 1426 577 1475 molere
594 1443 667 1492 quam
678 1428 776 1492 tetigere
786 1440 881 1474 manus.

295 1503 366 1554 Hunc
378 1538 386 1563 ‚
406 1506 476 1553 simui
490 1508 590 1570 agnovi,
609 1508 759 1571 nequeenim
771 1507 832 1553 mihi
841 1504 924 1553 notior
932 1502 1010 1562 alter,

327 1581 427 1632 Talibus
445 1580 518 1633 affata
533 1583 566 1631 eii
578 1582 653 1631 libera
668 1582 749 1647 lingue
765 1583 843 1631 sonis:

294 1660 398 1727 Opuer!
412 1660 487 1711 exsilii
499 1658 600 1728 decepto
609 1661 676 1710 eausa
684 1659 816 1725 magistro,
901 1675 906 1685 ·

325 1739 404 1801 Quem
417 1740 462 1790 fuit
480 1741 562 1789 utilius
573 1756 624 1789 non
639 1738 747 1789 docuiil'e
759 1742 836 1798 mihi3

245 1840 272 1887 ²5
293 1818 346 1868 Huc
363 1836 459 1887 quoque
469 1819 551 1869 venisti
562 1854 569 1878 ,
587 1818 671 1883 penest
681 1819 722 1867 ubi
731 1834 838 1884 ternpore
848 1817 934 1877 nullo,

323 1898 354 1948 Et
370 1904 422 1947 coit
436 1898 531 1947 nstriffls
547 1899 660 1948 barbarus
673 1894 729 1945 ister
739 1900 820 1963 aquis?

289 1975 349 2035 Qun
365 1978 409 2026 tibi
427 1978 496 2025 causa
506 1980 551 2026 vin
562 1979 571 2024 i
582 1978 628 2025 nisi
641 1978 676 2025 uti
692 1975 757 2023 maia
771 1975 850 2024 nostra
859 1972 970 2025 videres?

321 2053 380 2113 Quae
394 2055 465 2107 sunt,
483 2056 502 2103 si
521 2055 614 2111 nescis,
633 2050 751 2103 invidiosa
766 2055 818 2103 tibi.

287 2130 325 2181 Tu
344 2134 403 2179 mihi
423 2130 512 2179 dictasti
528 2131 643 2194 juvenilia
655 2133 761 2180 carmina
771 2134 878 2196 primus:

239 2227 269 2269 30
318 2209 422 2274 Apposui
433 2210 513 2268 senis,
533 2206 642 2261 reduce,
661 2210 767 2275 quinque
787 2207 868 2276 pedes.

284 2286 336 2337 Nec
347 2303 386 2335 me
395 2287 501 2335 Maeonio
517 2287 659 2350 consurgere
670 2291 775 2335 carmine
789 2286 834 2335 nec
845 2303 885 2335 me

315 2365 401 2415 Dicere
418 2380 559 2429 magnorum
575 2361 652 2427 paffus
663 2381 686 2412 es
698 2368 749 2425 aeia
759 2363 859 2415 ducum.

178 2442 181 2447 ⁴
281 2442 389 2492 forsitan
407 2445 519 2506 exiguas,
540 2442 630 2507 aliquas
647 2456 743 2502 tamen,
764 2459 831 2493 arcus
843 2448 869 2493 &
887 2447 950 2510 ignis

314 2521 406 2585 ingenii
424 2524 486 2570 uires
505 2520 670 2569 comminuite
684 2523 741 2570 mei.

234 2596 261 2646 ⁵5
281 2597 393 2663 Namque
404 2613 448 2663 ego
460 2596 518 2648 rium
534 2612 606 2647 canto
617 2612 658 2647 tue
669 2614 741 2663 regna
751 2614 844 2665 tueque
855 2605 985 2665 parentis,

313 2676 340 2725 ln
351 2675 445 2724 nullum
458 2692 510 2726 men
521 2692 589 2725 mens
598 2676 688 2740 grande
699 2681 794 2727 vacavit
802 2694 872 2741 opus.

279 2752 330 2801 Nec
341 2755 396 2803 satis
404 2752 430 2802 id
442 2754 518 2803 suerat
530 2772 537 2812 ;
554 2754 637 2804 stultus
649 2772 745 2821 quoque
755 2760 861 2806 earmina
871 2758 934 2814 feci,

310 2833 405 2880 Artibus
418 2846 444 2881 ut
458 2830 534 2897 poffes
548 2848 597 2880 non
608 2830 674 2881 rudis
688 2830 733 2881 effe
744 2837 813 2883 meis.

275 2906 321 2956 Pro
332 2910 418 2974 quibus
428 2910 536 2957 exsilium
549 2910 637 2958 misero
649 2913 709 2959 mihi
723 2910 816 2960 reddita
828 2928 920 2961 merces
934 2933 942 2963 e

225 2991 258 3037 4⁰
305 2983 333 3033 ld
344 3002 440 3049 quoque
450 2988 475 3033 in
486 2990 597 3036 extremis
610 3022 618 3044 ‚
629 2991 653 3036 δι
665 2991 716 3052 sine
726 3004 800 3052 pace,
817 2989 886 3038 locis.

273 3061 305 3113 At
319 3077 369 3113 non
380 3060 513 3114 Chionides
525 3064 658 3130 Eumolpus
673 3068 699 3117 in
709 3066 804 3131 Orphea
816 3067 868 3116 talis
881 3084 890 3125 5
