2334 3917
275 372 320 454 36
357 366 431 434 -Ρ.
458 362 587 434 Orrn.
608 364 712 434 NAs.
737 365 869 434 aasz

304 486 448 558 Hordeaque
459 490 550 553 ingenti
561 486 643 537 fenore
654 485 739 537 reddat
751 504 815 557 ager.

223 566 326 629 695lloc
343 583 387 632 ego
400 584 443 631 pro
459 567 547 626 vobis,
563 568 610 615 hoc
621 583 664 615 vos
676 582 757 631 optate
769 565 871 623 colonie

305 642 462 710 Efficiantque
472 660 533 694 ratas
546 659 644 711 utraque
651 644 716 694 Diva
725 661 818 711 preces..

272 721 339 772 Bella
356 720 397 771 diu
412 738 507 775 tenuere
522 723 606 782 virosa
621 738 671 772 erat
681 726 759 787 aptior
770 725 835 771 ensis

305 800 410 849 Vomere
422 798 537 850 :cedebat
553 815 633 850 taurus
648 816 726 850 arator
741 817 814 866 equo.

273 878 370 929 Saecula
380 876 500 928 ceffabant
511 896 517 927 e
528 881 637 944 versique
647 881 672 929 in
682 878 732 943 pila
746 878 855 943 ligones,

224 967 273 1011 700
307 959 422 1024 Fastaque
434 956 464 1007 de
472 958 537 1006 rastri
548 956 653 1023 pondere
662 961 731 1006 cassis
742 972 800 1006 erat.

274 1037 357 1087 Gratia
371 1036 436 1095 Dis,
455 1033 588 1106 domuique
604 1050 663 1090 tuae:
673 1036 771 1104 religata
787 1033 880 1083 catenis.

306 1114 358 1163 lam
369 1113 462 1179 pridem
472 1113 552 1162 nolito
563 1114 606 1165 sub
616 1110 676 1177 pede
686 1113 751 1161 Bella
760 1116 849 1176 jacent.

181 1212 183 1219 ⁴
274 1194 322 1242 Sub
332 1197 389 1258 juga
405 1194 448 1241 bos
459 1195 555 1251 veniat,
568 1194 610 1244 sub
621 1208 693 1248 terras
705 1195 784 1245 semen
795 1206 883 1241 aratas.

308 1269 355 1317 Pax
365 1268 478 1319 Cererem
489 1272 565 1318 nutrit
577 1288 583 1316 e
596 1272 659 1333 pacis
669 1266 857 1318 alumnaCeres.

225 1354 271 1399 705
276 1346 325 1396 AT
336 1363 389 1413 quae
398 1363 508 1397 venturas
516 1344 633 1411 praecedet
643 1348 706 1396 sexta
717 1342 829 1395 xalendas
836 1378 850 1401 n.

307 1425 359 1474 Hac
370 1426 424 1473 sunt
436 1423 524 1473 Ledaeis
534 1424 623 1489 templa
635 1423 714 1474 dicata
722 1424 790 1472 Deis.

274 1502 393 1551 Fratribus
407 1500 450 1551 illa
461 1501 519 1555 Deis
530 1500 614 1550 fratres
626 1499 734 1571 degente
744 1500 867 1566 Deorum!

308 1580 380 1632 Circa
396 1580 501 1633 luturnae
518 1581 673 1645 composuere
688 1580 762 1633 lacus.

276 1658 392 1707 IPSUM
411 1674 455 1713 nos
467 1674 562 1710 cannen
574 1656 672 1710 deducit
683 1658 750 1706 Pacis
760 1654 792 1706 ad
803 1672 883 1707 aram».

228 1742 277 1789 7¹0
310 1738 367 1788 Haec
381 1740 426 1787 erit
436 1753 449 1785 a
459 1738 545 1784 mensis
556 1734 603 1784 fine
614 1732 716 1784 secunda
727 1732 788 1787 dies.

276 1814 410 1866 frondibus
421 1816 520 1864 actiacis
530 1828 625 1864 comtos
633 1811 745 1867 redimita
755 1811 871 1878 capillos,

311 1895 359 1943 Pax
371 1891 425 1942 ades
435 1910 443 1951 3
458 1896 482 1941 δε
496 1908 548 1947 toto
561 1895 626 1941 mitis
636 1894 663 1940 in
673 1892 731 1940 orbe
742 1906 821 1942 mane.

277 1971 345 2021 Dum
356 1969 443 2027 desunt
451 1971 541 2025 hostes,
550 1969 611 2019 desit
622 1986 718 2035 quoque
726 1970 794 2017 causa
802 1965 934 2035 triumphi-'-¹

312 2050 351 2099 Tu
361 2047 460 2099 ducibus
468 2048 533 2097 bello
544 2047 621 2114 gloria
633 2051 711 2112 major
719 2050 772 2099 eris.

231 2128 335 2183 7¹iSola
346 2142 411 2193 gerat
423 2126 508 2186 miles,
521 2128 681 2195 quibus'arma
690 2130 798 2179 co'e'rceat
805 2161 813 2185 ‚
824 2140 913 2183 armac
998 2185 1001 2189 Α

311 2206 475 2271 Canteturque
488 2204 551 2258 feri,
568 2203 606 2253 nil
615 2206 660 2253 nisi
674 2220 779 2269 pompa,
795 2202 862 2252 tubi.

278 2286 382 2335 Horreat
398 2272 516 2334 AEneadas
525 2286 550 2330 bc
562 2284 652 2346 primus
664 2285 689 2331 bt
701 2282 799 2330 ultimus
810 2282 874 2330 orbis
882 2298 896 2340 5⁴

312 2365 336 2413 Si
347 2379 394 2429 qua
408 2378 491 2427 parum
502 2361 606 2409 Romam
620 2375 680 2409 terra
692 2361 787 2408 timebit
799 2394 807 2420 ,
822 2374 902 2410 amet..

280 2443 361 2500 Tura,
374 2437 518 2495 sacerdotes,
534 2438 655 2505 pacalibus
666 2437 746 2489 addite
758 2436 861 2489 flammis
870 2456 885 2497 ς,

233 2522 281 2565 720
297 2584 299 2587 Ι
315 2518 535 2585 Albaquepercussi
545 2520 643 2571 vistima
654 2516 735 2569 fronte
744 2514 823 2567 caelat.

280 2597 362 2665 thue
372 2596 470 2652 domus,
483 2613 536 2662 quae
546 2596 640 2662 praestat
650 2612 703 2645 eam
712 2631 724 2657 ,A
731 2612 787 2644 cum
799 2594 859 2646 Pace
865 2612 981 2662 perennet
987 2631 1003 2661 ἢ

313 2674 351 2725 nd
361 2679 400 2741 pia
410 2677 538 2741 propensos
548 2690 606 2747 vota
616 2689 699 2739 rogate
709 2674 784 2723 Deos.
796 2731 799 2737 Ι

281 2750 328 2807 sed
344 2757 393 2817 jam
407 2757 484 2825 prima
499 2755 547 2803 mei
560 2770 613 2819 pars
624 2753 657 2801 est
667 2754 745 2823 euaila
757 2752 863 2810 laboris;

288 2895 290 2899 Ι
315 2828 427 2897 Cumque
442 2832 484 2881 suo
495 2830 569 2882 finem
576 2830 657 2904 meuse
667 2828 762 2884 libellus
769 2828 854 2882 habeo.
932 2884 934 2890 ,
1000 2823 1004 2831 '
