2334 3917
270 379 339 443 270
410 355 453 422 P.
484 356 640 421 0V1D11
664 355 866 422 Nasonis„
984 429 986 433 ¹

289 501 969 577 «Ἠψᾛρᾙο

430 647 672 710 ELEGIA
711 647 810 709 Xll.

275 741 435 869 Sennis,
453 823 481 859 ut
494 808 612 860 oblectem
623 807 700 859 lindio
711 806 865 871 lacrymabile
874 821 988 872 tempus,·

302 885 340 936 Ne
350 902 447 952 pereant
461 890 524 952 turpi
538 889 633 951 pestora
644 888 723 946 nostra
733 889 788 936 ritu.

270 961 376 1013 Difficile
387 964 429 1024 est,
438 963 515 1032 quod,
523 967 610 1021 amice,
619 979 701 1013 mones
710 981 716 1012 t
727 960 985 1030 quiaearminalaetum

303 1043 363 1091 Sunt
375 1058 451 1108 opus,
469 1046 587 1109 &pacem
599 1044 685 1090 meotis
695 1042 780 1090 habere
790 1039 885 1090 volunt.

243 1125 252 1168 l
273 1119 358 1169 Nostra
369 1137 411 1185 per
424 1117 530 1171 adversas
539 1122 618 1185 agitur
627 1121 732 1170 Fortuna
743 1115 875 1184 procellam

305 1200 373 1248 Sorte
386 1214 430 1248 nec
445 1197 494 1246 ulla
504 1198 558 1247 mel
569 1197 656 1246 triliior
667 1195 713 1246 else
724 1195 808 1262 potest.

274 1276 372 1340 Exigis,
388 1289 415 1324 ut
425 1275 531 1326 Priamur
542 1289 655 1324 natorum
666 1275 747 1324 sunere
757 1270 841 1332 ludat,

305 1352 336 1401 Et
346 1351 426 1400 Niobe
441 1351 510 1401 festos
521 1352 593 1402 ducat
603 1367 630 1401 ut
641 1353 700 1401 orba
711 1353 805 1400 choros.

277 1427 384 1478 Lusiibua
395 1463 403 1488 ‚
415 1445 446 1479 an
454 1429 533 1480 studio
541 1428 626 1480 videor
637 1429 723 1480 debere
735 1431 826 1483 teneri,

230 1523 258 1556 ro
308 1506 408 1555 Solutin
416 1521 533 1557 extremos
544 1505 617 1572 jussus
628 1509 692 1558 abire
705 1508 792 1556 Getas?

276 1585 323 1633 Des
333 1584 390 1636 licet
399 1583 440 1634 hic
450 1583 533 1636 valido
545 1587 625 1650 peiiue
637 1585 696 1633 mihi
707 1587 793 1634 robore
804 1583 893 1634 fultum
907 1617 916 1646 ,

308 1665 379 1714 Fama
391 1663 463 1712 refert
473 1665 546 1726 Anyti
557 1663 629 1730 quale
642 1659 709 1712 fuisse
721 1678 762 1711 reo
772 1679 779 1720 3

278 1743 356 1792 Fraus
367 1741 436 1792 cadet
447 1757 518 1792 tantae
528 1743 641 1806 sapientia
652 1739 717 1789 mole
727 1741 808 1788 ruinae.

309 1820 363 1869 Plus
373 1822 438 1873 valet
448 1823 556 1869 humanis
569 1820 658 1869 viribus
669 1821 704 1867 ita
712 1817 767 1866 Dei.

231 1901 255 1946 ¹5
279 1897 319 1945 ille
328 1899 397 1946 senex
405 1897 480 1946 dislus
490 1900 580 1961 sapient
592 1898 620 1948 ab
633 1896 764 1961 Apolline,
776 1894 870 1946 nullum

308 1976 412 2023 Scribere
420 1978 444 2023 in
453 1979 500 2023 hoc
508 1977 562 2023 casu
571 1971 711 2023 sustinuisset
722 1989 790 2038 opus.

277 2053 310 2102 Ut
322 2054 402 2116 patrie
413 2056 527 2106 veniant,
545 2055 644 2102 veniant
653 2051 746 2100 oblivia
753 2050 839 2110 vestrl,

309 2130 394 2178 Omnis
405 2144 432 2178 ut
440 2127 536 2179 admissi
548 2131 626 2177 sensus
636 2125 713 2178 abesse
725 2143 797 2194 queat
807 2146 815 2187 3

283 2212 309 2256 lr
327 2210 400 2257 timor
410 2205 492 2255 officio
503 2205 571 2271 fungi
581 2219 647 2255 verat
656 2207 705 2271 ipse
716 2208 797 2272 quieto
807 2221 813 2252 ε

231 2293 261 2327 20
309 2284 406 2335 Cintlus
420 2286 450 2333 ab
467 2287 594 2333 innumero
605 2301 644 2332 me
655 2298 720 2333 tenet
731 2283 796 2332 hoste
806 2281 882 2331 locut.

280 2361 367 2422 Adde,
389 2359 456 2428 quod
469 2365 593 2427 ingenium
610 2361 684 2431 longi
700 2361 808 2425 rubigine
820 2359 904 2409 laesum

308 2442 404 2506 ‚Torpet
414 2459 420 2489 r
431 2444 456 2489 δ(
465 2440 498 2489 est
506 2439 601 2500 multo,
614 2440 688 2506 quim
697 2439 744 2489 fuir
756 2451 823 2498 ante,
834 2440 924 2488 minut.

280 2517 374 2567 Fertilis
385 2553 393 2578 ,
407 2517 502 2568 assiduo
512 2521 532 2567 ti
542 2533 592 2568 non
603 2531 730 2567 renovetur
741 2531 820 2568 aratro
830 2549 839 2578 ‚

314 2595 376 2657 Nil,
388 2600 433 2646 nisi
446 2613 501 2646 cum
513 2597 584 2662 spinis
596 2611 710 2661 gramen,
723 2597 820 2645 babebit
831 2609 895 2660 ager.

235 2686 260 2731 25
281 2673 400 2738 Tempore
415 2679 456 2740 qui
472 2675 547 2739 longo
559 2675 665 2734 steterit,
682 2675 744 2722 male
755 2688 850 2733 curret,
869 2676 894 2723 δι
913 2676 978 2724 inter

313 2751 454 2802 Carceribus
465 2750 547 2802 missos
558 2753 656 2802 ultimus
666 2753 711 2802 ibit
721 2768 803 2818 equos.

284 2831 390 2880 Vertitur
400 2834 426 2880 in
439 2847 544 2882 teneram
559 2833 662 2891 cariem,
678 2833 791 2896 rimisque
804 2827 905 2878 dehiscit
917 2864 925 2885 .
995 2829 998 2837 “

315 2911 339 2958 si
349 2925 396 2977 qua
406 2908 448 2959 diu
458 2910 533 2959 solitis
539 2910 627 2972 cymba
633 2908 723 2960 vacirit
728 2911 803 2974 aquis.

284 2988 326 3036 Me
337 3004 433 3053 quoque
440 2986 538 3054 despero
548 3023 556 3048 ‚
565 2988 653 3038 firerim
663 2986 719 3036 crlm
729 3001 814 3051 parvus
822 2988 847 3036 bc
859 2997 929 3045 ante,

239 3082 268 3126 ³⁰
317 3065 355 3113 llll
367 3099 375 3126 ,
386 3069 428 3132 qui
440 3066 546 3129 sueram,
556 3063 623 3132 poffe
632 3063 709 3118 redire
716 3077 806 3134 parem.
