2334 3917
252 439 392 508 Errat.
410 450 467 505 nx
480 434 634 506 Ponto
652 433 773 508 LIV.
803 445 866 527 363

131 562 133 567 ’
188 558 282 611 Alcides
292 560 362 627 capta
371 562 443 611 traxit
453 560 483 611 ab
494 559 610 610 OEehalii.
681 555 684 566 '

154 635 187 689 Es
197 637 288 695 modo,
304 638 402 699 Caesar,
414 638 508 699 tivum,
519 655 592 705 quem
601 641 676 688 virtus
686 636 781 691 addidit
792 639 870 699 astris,

188 718 314 767 Sacramnt
325 716 406 783 aliqui
417 720 523 769 carmina
533 730 600 783 parte
612 728 689 766 tuum.
792 733 795 740 ·

155 798 180 847 st
191 796 250 863 quid
261 795 339 846 adhuc
347 799 421 862 igitur
429 800 493 851 vivi,
505 797 664 855 Germanice,
676 795 757 845 nostro

189 875 267 923 Restat
277 878 303 924 iu
312 878 428 939 ingenio,
440 876 525 924 serviet
535 889 608 923 omne
619 876 672 923 tibi.

156 951 215 1003 Non
225 967 292 1016 potes
302 951 410 1002 officium
420 956 480 1004 vatis
492 968 646 1003 contemnere
657 966 722 1003 vates
736 969 744 1002 a

188 1024 283 1078 Iudicio
296 1031 401 1093 pretium
414 1043 450 1076 res
465 1030 537 1077 habet
555 1027 598 1077 ista
616 1043 668 1079 tuo.

155 1103 230 1167 Quod
240 1109 286 1155 nisi
297 1120 320 1155 te
330 1124 420 1155 nomen
433 1120 526 1156 tantum
537 1104 568 1155 ad
578 1111 671 1171 majora
680 1104 801 1167 vocallet,

189 1186 273 1237 Gloria
284 1184 405 1235 Pieridum
423 1186 515 1237 summa
531 1186 625 1236 futurus
642 1204 701 1237 eras.

156 1261 203 1313 sed
214 1262 269 1313 dare
280 1267 404 1314 materiam
414 1268 500 1325 nobis,
513 1265 590 1331 quim
601 1269 719 1323 carmina,
731 1270 808 1334 majus
819 1284 827 1317 a

191 1341 243 1391 Nec
254 1356 334 1391 tamen
345 1360 373 1391 ex
384 1358 437 1395 toto
449 1344 554 1397 deserere
565 1343 609 1395 illa
619 1360 695 1410 potes.

155 1418 221 1471 Nam
233 1419 309 1471 modo
320 1421 383 1471 bella
394 1424 471 1487 geris,
482 1425 587 1471 numeris
598 1421 675 1474 modd
684 1425 755 1475 verba
765 1430 874 1485 co'e‘rces3

189 1498 309 1566 Quodque
323 1500 374 1550 aliis
389 1517 448 1567 opus
464 1501 514 1562 eli,
528 1504 575 1551 hoc
589 1503 633 1550 tibi
644 1500 714 1551 ludus
726 1507 780 1552 erit.

154 1576 238 1645 thue
245 1578 456 1634 necadcitlraram,
463 1577 544 1629 netad
551 1581 876 1647 arcumsegnisdppolloest3
893 1598 922 1644 75

189 1655 236 1707 Sed
244 1660 311 1708 venit
322 1655 352 1707 ad
363 1660 438 1707 sacras
448 1674 534 1708 nervus
545 1672 645 1724 uterque
656 1675 740 1707 manus
753 1676 761 1709 t
875 1686 879 1694 ·

155 1738 194 1788 Sic
206 1738 251 1787 tibi
261 1752 304 1787 nec
315 1735 395 1802 dolii,
407 1752 451 1785 nec
461 1733 546 1785 desunt
557 1736 673 1801 Principis
683 1750 762 1796 artes5

189 1816 268 1865 Μίκκα
280 1813 319 1864 sed
331 1815 363 1863 est
372 1817 455 1864 animo
465 1830 521 1863 cum
531 1814 591 1863 love
602 1812 672 1863 Musa
683 1829 735 1864 tuo.

155 1895 216 1957 Quae
228 1898 343 1960 quoniam
354 1909 398 1942 nec
408 1909 453 1941 nos
464 1890 529 1943 undd
540 1893 662 1942 submovit
672 1894 701 1942 ab
712 1891 772 1951 illa,

92 2016 101 2027 .
189 1973 288 2038 Ungula
297 1974 421 2037 Gorgonei
430 1987 504 2038 quam
516 1987 573 2022 cava
585 1969 644 2021 fecit
652 1973 723 2038 equi,
891 1969 924 2021 80

153 2052 248 2112 Prosit,
260 2066 379 2117 opemque
391 2048 452 2099 fetat
462 2052 602 2099 communia
612 2050 676 2099 sacra
688 2050 766 2101 tuerit

190 2132 268 2198 Atque
279 2128 355 2179 isdem
366 2128 448 2179 studiis
458 2124 596 2195 imposuiffe
605 2145 715 2179 manunt.

156 2211 240 2261 Litora
249 2210 337 2275 pellitis
349 2212 452 2260 nimium
463 2211 566 2277 subjedia
577 2208 684 2260 Corallis

99 2332 104 2337 .
188 2288 224 2335 Ut
236 2286 347 2347 tandem,
362 2288 434 2338 savos
446 2288 608 2355 effugiamque
619 2289 708 2349 Getas,

156 2354 293 2429 Clausaque
303 2366 322 2411 si
334 2366 420 2413 misero
431 2369 507 2430 patria
517 2367 566 2425 eli,
579 2381 605 2414 ut
616 2383 691 2430 ponat
701 2368 728 2415 in
738 2363 803 2423 ullo,
891 2396 905 2443 3

188 2442 237 2502 Qui
248 2444 327 2490 minus
339 2440 443 2490 Ausonia
457 2440 527 2491 distet
537 2442 566 2491 ab
581 2441 666 2504 Urbe,
677 2442 743 2493 loco.

155 2519 228 2573 Unde
243 2534 294 2569 tuas
306 2521 395 2584 possim
413 2517 493 2569 laudes
509 2520 627 2569 celebrate
641 2536 765 2583 recentes,

177 2597 325 2664 'Magnaque
338 2596 413 2662 quim
426 2598 528 2646 minimi
538 2598 600 2647 fasta
614 2598 701 2648 referre
715 2600 794 2651 mord.

156 2676 252 2741 Tangat
267 2691 294 2724 ut
305 2678 351 2725 hoc
362 2688 449 2725 votum
465 2674 587 2735 coelestia,
604 2691 657 2725 care
675 2677 762 2742 Suilli,

187 2754 312 2818 Ntunina,
323 2770 368 2821 pro
377 2756 460 2805 socero
467 2769 536 2820 *paene
546 2753 695 2839 precarer*
888 2798 922 2843 ,ο
