2334 3917
298 362 368 445 284
438 359 873 430 P.0r11›11NAs0n1s

249 487 280 531 ⁴0
328 479 420 529 Nititur
428 482 453 529 in
464 480 534 530 silvai
548 481 592 532 illa
603 480 679 532 redire
689 484 748 532 suar.

292 553 401 605 Affuetos
417 562 478 607 tauri
489 559 575 618 saltus,
591 558 680 610 affueta
695 560 793 618 leones,

324 633 375 683 Nec
391 634 473 686 feritas
483 637 539 686 illor
547 635 666 702 impedit,
677 652 743 687 antra
754 649 847 702 petuutt

256 717 260 722 '
291 710 329 758 Tu
341 726 422 762 tamen
431 715 508 764 exsilii
518 717 609 765 morsus
625 717 740 780 optiiort
756 714 837 764 nostro

323 785 445 836 Fomentit
456 791 533 852 sperat
539 788 623 839 tedere
631 786 696 854 poffe
708 792 762 839 tuit.

240 871 269 920 ⁴5
291 860 363 934 {ffice
376 899 385 926 ,
403 870 500 930 vosipsi
511 884 540 915 ne
552 882 601 916 tam
612 870 672 916 mihi
683 871 733 917 titis
744 859 839 916 amandi
846 899 861 926 ,,
879 907 882 912 .

324 942 423 991 Talibus
434 944 541 992 utlevius
552 946 583 992 sit
591 941 689 993 caruille
700 944 801 1014 malum.

291 1023 336 1077 At,
353 1035 431 1085 puto,
450 1020 498 1085 qul
509 1021 601 1070 fueram
612 1025 704 1085 genitus
716 1057 724 1080 ,
739 1021 822 1072 tellure
834 1021 942 1075 carenti,

323 1097 350 1145 ln
360 1112 440 1146 tamen
452 1099 559 1147 humano
572 1100 674 1162 contigit
685 1094 730 1146 else
742 1097 806 1147 loco.

184 1213 191 1226 ,
291 1173 361 1223 Orbis
372 1177 398 1224 iu
407 1179 506 1224 extremi
516 1181 584 1241 jaceo
595 1175 699 1225 desertus
710 1178 805 1235 arenis,

242 1253 273 1300 5³
322 1253 376 1300 Fert
388 1254 429 1302 ubi
438 1267 561 1316 perpetuas
573 1253 660 1302 obruta
673 1268 734 1302 terra
750 1255 824 1302 nives.

290 1327 346 1376 Non
360 1345 415 1392 ager
424 1328 465 1376 hic
475 1344 596 1393 pomum,
612 1347 662 1380 non
676 1328 758 1380 dulces
770 1327 857 1379 educat
873 1345 943 1380 uvasr

264 1445 267 1451 ,
320 1404 377 1453 Non
393 1404 474 1454 salites
484 1406 553 1472 ripi,
565 1408 653 1456 robora
668 1422 751 1458 monte
762 1410 848 1458 virent.
930 1457 934 1462 ,

287 1482 354 1531 Neve
369 1482 458 1534 fretum
475 1485 539 1534 terri
549 1482 630 1534 laudes
645 1489 737 1550 magis,
752 1500 848 1550 aequora
861 1485 953 1550 semper

319 1556 453 1607 Ventorum
467 1558 532 1607 rabie
542 1591 552 1619 ,
564 1558 652 1609 solibus
668 1561 740 1618 orba,
756 1572 857 1608 tument.

239 1637 249 1682 5
255 1636 265 1683 l
294 1634 445 1701 Quocumque
456 1637 571 1700 aspiciat,
588 1639 665 1700 campi
677 1635 769 1684 cultore
777 1650 899 1696 carentes,

318 1712 451 1779 Vastaque,
464 1729 516 1778 quae
527 1729 599 1762 uerno
611 1711 732 1767 vindicet,
753 1729 807 1762 arva
817 1716 907 1778 jacent.

285 1790 364 1838 Hostis
373 1789 458 1851 adest,
473 1790 556 1840 dextri
566 1791 672 1857 levique
688 1808 701 1838 a
712 1790 777 1856 part'e
790 1789 923 1850 timendus;

318 1868 452 1934 vicinoque
466 1883 535 1918 metu
553 1883 623 1918 terret
634 1884 761 1933 utrumque
775 1868 844 1918 larus.

284 1945 364 1995 Altera
370 1946 487 1996 Bistonias
498 1964 550 2010 pars
560 1948 592 1996 cll
606 1949 698 1996 sensura
709 1943 816 2004 sariffas,

237 2025 268 2061 ⁶⁶
316 2023 397 2072 Altera
414 2024 544 2074 Sarmatici
561 2025 651 2089 spicula
669 2021 737 2074 milla
752 2039 833 2072 uranu.

282 2099 381 2160 luunt,
399 2103 424 2148 δε
436 2114 543 2148 veterum
555 2102 625 2149 uobis
636 2101 744 2165 exempla
754 2103 860 2148 virorum
873 2132 882 2160 ,

314 2177 362 2238 Qui
380 2177 438 2226 forti
452 2179 532 2226 casum
548 2193 629 2227 mente
644 2178 740 2237 tulere,
760 2178 831 2227 refer.

282 2255 312 2302 Et
322 2271 391 2318 grave
405 2257 553 2319 magnanimi
564 2257 637 2304 robur
653 2259 739 2304 mirare
752 2255 826 2305 Rutili
835 2255 855 2311 .'

312 2331 369 2381 Non
383 2336 418 2380 uti
435 2329 524 2381 reditis
537 2331 677 2384 conditione
688 2332 748 2383 dati.

233 2409 259 2460 ⁶5
281 2410 381 2471 Smyrna
397 2413 477 2459 virum
494 2413 585 2470 tenuit,
606 2427 656 2460 non
666 2412 755 2460 Pontus
767 2411 889 2462 &hostica
901 2411 990 2472 tellus;

312 2489 379 2536 Paene
397 2491 475 2536 minus
485 2488 554 2538 nullo
567 2491 668 2550 Smyrna
678 2488 778 2553 petenda
790 2489 854 2538 loco.

279 2565 337 2614 Nou
355 2563 433 2614 doluit
451 2566 528 2630 patrii
542 2565 648 2628 Cynicus
663 2566 746 2631 procul
757 2563 803 2616 effe
814 2569 946 2632 Sinopeus:

311 2643 381 2708 legit
391 2646 455 2692 enim
472 2641 552 2702 sedes,
572 2644 651 2692 Attica
667 2658 746 2702 terra,
767 2658 826 2692 tuas.

278 2720 351 2768 Arma
367 2718 494 2769 Neoclides
511 2723 553 2785 qui
565 2721 655 2770 Persica
666 2719 777 2770 contudit
791 2724 885 2783 armis,

228 2801 261 2846 70
309 2796 421 2859 Argolici
433 2801 534 2861 primam
544 2799 617 2848 scutit
627 2801 652 2847 in
667 2798 723 2848 urbe
734 2798 825 2863 fugam.

277 2873 359 2922 Pulsus
369 2873 478 2925 Aristides
488 2877 581 2941 patrii,
598 2873 770 2925 Lacedaemona
786 2874 849 2939 fugit
859 2892 865 2922 ε

308 2951 372 2999 Inter
389 2969 447 3018 quas
466 2953 587 3014 dubium,
607 2971 660 3020 quae
677 2956 742 3020 prior
760 2950 838 3012 effer,
855 2969 913 3006 erat.

277 3025 350 3079 Cede
360 3046 419 3094 puer
436 3031 499 3088 faut
509 3031 632 3087 Patroclus
643 3033 741 3100 Opunta
755 3030 863 3100 reliquit,
