2334 3917
265 413 330 483 302
391 389 433 464 P.
465 393 621 462 Ovrntr
645 392 840 462 NArontt

214 527 247 568 c·
295 513 390 566 Gaudio
405 516 552 578 percipiens,
572 529 626 580 quae
645 511 711 563 dedit
729 515 777 579 ipse
794 517 848 563 suis.

225 610 228 614 ·
260 593 311 642 Jatn
323 608 386 640 nnnc
397 596 447 641 lraec
465 607 479 640 a
493 610 551 650 me,
568 598 681 656 juvenum
696 591 807 657 belloque
823 590 930 656 togiqtte

293 671 416 729 Maxime,
433 669 495 719 dista
509 672 553 719 tibi
565 673 710 720 vaticinante
722 683 788 718 nota.

252 746 331 797 -Hunc
338 763 435 813 quoquc
443 750 587 808 carminibus
595 748 695 798 referam
708 745 804 796 fortaffe
815 747 981 810 triumphurn:
1078 781 1081 790 .

293 823 398 874 Sufficiet
409 826 493 874 nolitis
503 830 522 874 ti
534 813 609 874 motio
622 829 670 874 vita
682 825 761 874 malis.

200 908 242 963 '65
262 902 374 951 imbuero
386 905 507 965 Scythicas
525 907 543 951 si
560 919 610 952 non
628 903 691 968 priris
707 905 755 968 ipse
770 905 883 966 sagittas,

295 979 471 1046 Abstuleritque
484 981 549 1029 ferox
563 985 609 1030 hoc
621 995 693 1045 caput
707 983 760 1028 ense
774 981 855 1029 Getes.
900 1002 902 1004 ·

264 1055 383 1120 Quodsi,
396 1075 434 1106 me
445 1059 525 1113 salvo,
537 1057 632 1108 dabitur
644 1059 688 1106 tibi
698 1057 776 1106 laurea
788 1055 902 1122 templis,

296 1137 385 1186 Omnia
400 1137 436 1184 bis
449 1133 513 1186 elices
523 1152 579 1187 vera
589 1131 657 1184 fuiffe
669 1151 731 1184 mea.

282 1267 959 1341 *ΞΞᾺἫΜ

400 1407 841 1471 EPISTOLAIL

392 1553 850 1618 MESSALLINO.

266 1649 373 1766 Im
391 1713 477 1767 dormis
493 1717 573 1767 vestre
590 1719 672 1782 primis
688 1729 813 1768 venerator
829 1716 858 1765 ab
876 1717 958 1774 annis,

300 1795 382 1843 Pulsus
393 1793 424 1844 ad
437 1794 523 1843 Euxini
536 1795 597 1844 Naso
609 1794 699 1843 sinistra
715 1794 786 1850 freti,
829 1854 831 1858 Ι

267 1871 349 1922 Mittit
364 1873 393 1921 ab
408 1872 533 1922 indomitis
545 1876 622 1931 hanc,
635 1867 784 1931 Meffalline,
800 1870 921 1930 salutem,

301 1949 379 2007 Quam
391 1949 474 1998 solitus
482 1952 582 2014 presens
592 1949 624 1998 est
635 1951 677 1998 tibi
691 1949 763 2006 ferre,
776 1947 852 1997 Getis.

238 2029 249 2074 i
268 2025 314 2074 Hei
325 2025 400 2073 mihi!
413 2029 432 2073 ti
445 2028 506 2076 letio
516 2027 596 2076 vultur
611 2028 658 2090 tibi·
670 2029 768 2076 nornine
779 2041 827 2075 non
839 2026 883 2080 est,
966 2073 968 2078 ,

300 2101 347 2161 Qui
359 2102 421 2159 fuit,
439 2107 463 2152 ὀί
475 2101 568 2152 dubitas
580 2119 656 2153 cetera
668 2103 801 2168 perlegere!

268 2178 379 2242 Perlege,
391 2195 434 2228 nec
445 2197 541 2228 mecum
553 2184 640 2246 pariter
651 2198 705 2230 mea
714 2183 786 2234 verba
796 2181 874 2247 relega
885 2199 893 2230 t

300 2256 364 2304 Urbe
376 2257 432 2306 licet
440 2257 516 2307 vesttri
525 2259 629 2308 versibus
640 2257 685 2307 elle
698 2263 764 2308 meis.

269 2334 327 2384 Non
339 2351 383 2399 ego
394 2337 510 2400 concepi,
529 2340 548 2384 si
565 2336 648 2386 Pelion
665 2333 720 2384 offa
738 2331 827 2384 tuliffet
835 2368 844 2394 ,

223 2413 253 2448 ¹0
301 2410 375 2462 Clara
389 2411 442 2461 mei
455 2418 519 2478 tangi
530 2411 607 2463 sidera
616 2411 682 2479 polle
691 2430 773 2464 manu.

270 2489 322 2539 Nec
332 2507 391 2548 nos,
404 2489 517 2539 Enceladi
528 2489 649 2540 dementia
660 2492 732 2539 castra
743 2492 834 2548 secuti,

301 2569 416 2618 interum
427 2567 538 2618 dominos
548 2573 669 2619 movimus
679 2585 744 2617 arma
755 2567 828 2616 Deos.

269 2645 337 2706 Nec,
349 2644 416 2712 quod
426 2645 528 2708 Tydide
539 2651 662 2696 temeraria
675 2644 769 2694 dextera
780 2643 851 2698 fecit,
953 2643 955 2648 ’

303 2723 409 2772 Numina
419 2725 473 2774 sunt
487 2725 538 2773 telis
550 2726 600 2773 ulia
610 2727 684 2790 petita
694 2727 762 2772 meir.

140 2848 142 2851 .
223 2807 248 2856 ¹5
268 2799 308 2850 Est
318 2819 371 2850 mea
381 2803 451 2867 culpa
460 2806 554 2867 gravis,
569 2800 610 2851 sed
621 2819 673 2868 quae
684 2819 722 2850 me
732 2799 828 2866 perdere
840 2798 918 2848 solum

301 2881 362 2928 Ausa
373 2883 419 2940 sit,
431 2884 455 2930 δι
466 2881 561 2930 nullum
572 2877 743 2946 majus'arlorta
753 2879 827 2927 nefas.
851 2877 853 2884 ⁴

269 2951 331 3016 Nil,
346 2960 390 3006 nisi
402 2974 451 3007 non
462 2961 569 3026 sapient,
585 2955 695 3024 polsum,
711 2955 855 3024 timidusque
862 2992 870 3018 ,
883 2957 979 3006 vocari:

301 3034 358 3084 Haec
370 3033 419 3085 duo
430 3037 485 3086 sunt
494 3039 568 3088 animi
578 3039 741 3087 nominaverat
751 3038 807 3083 mei.

267 3109 321 3162 Effe
332 3111 430 3178 quidem
440 3113 531 3177 fateor,
544 3117 654 3166 meritam
665 3113 718 3179 post
728 3111 827 3165 Caesaris
838 3112 915 3170 iram,
