2334 3917
294 393 593 461 FAsronrrrr
612 391 698 459 Lis.
726 391 791 461 VI.
847 412 912 475 ¹49

227 513 291 580 Apta
306 516 366 566 asini
377 511 578 587 flammisindicir
589 524 643 563 enm
655 510 749 562 demus.

194 590 276 665 Quem
294 607 319 642 tu
332 626 340 651 ,
358 591 421 641 Diva
433 607 547 651 memor,
563 588 595 639 de
611 607 670 655 pane
680 589 811 639 monilibus
822 601 908 639 ornast

228 666 310 718 cessar
318 685 377 735 opus
385 688 391 717 ι
400 684 481 719 sacuae
493 671 630 717 conticuere
636 669 717 717 mole.

93 759 95 763 ·
192 744 317 807 Nomine,
335 745 414 813 qulnr
426 750 506 811 pretio
519 745 680 804 celebratior,
698 762 750 795 arce
762 745 893 799 Tonantis,

225 822 314 873 Dicam
322 825 417 877 Pistoris
428 822 686 890 quidvelitsralovis.
913 827 958 873 352
990 817 993 830 '

192 900 279 952 Cincio
285 904 454 966 premebantur
465 905 570 952 trucibus
581 901 707 967 Capitolia
713 900 791 952 Gallis
803 920 810 950 t

226 981 322 1030 Fecerat
333 979 429 1029 obsidio
440 984 489 1045 jam
503 977 618 1029 diuturne
628 980 728 1029 famem.

190 1057 299 1123 Juppirer
311 1092 320 1119 ‚
333 1056 364 1107 ad
374 1058 462 1107 solium
473 1059 566 1122 Superis
579 1058 656 1123 regale
666 1060 776 1116 vocetis,

225 1134 322 1199 Incipe,
334 1136 368 1183 ait
385 1134 469 1183 Marti.
485 1134 596 1181 Protinus
611 1132 653 1182 ille
669 1132 756 1189 refert,

190 1210 287 1260 Scilicet
298 1214 409 1276 ignotum
419 1212 470 1271 est,
486 1228 538 1277 qua
550 1214 580 1259 sir
594 1209 691 1259 fortuna
701 1226 811 1271 meorum
823 1212 832 1260 i
911 1213 935 1258 35
942 1214 953 1259 5

223 1290 253 1339 Et
265 1287 336 1339 dolor
346 1292 385 1339 hic
398 1293 472 1339 animi
482 1306 542 1339 voce
553 1291 675 1355 querentis
686 1291 756 1352 eget?
815 1299 817 1306 ’

188 1369 216 1417 si
228 1381 309 1416 tamen
321 1400 329 1428 ,
349 1383 375 1417 ut
389 1367 491 1417 referam
506 1370 608 1419 breviter
619 1366 682 1415 mala
690 1368 770 1431 juncis
779 1364 885 1431 pudori.

222 1445 303 1511 Exigis
312 1464 318 1494 r
327 1445 414 1511 Alpino
425 1446 504 1494 Rome
512 1446 553 1493 sub
560 1444 627 1493 hoste
632 1449 703 1509 jacet.

187 1521 247 1573 Her
258 1523 292 1572 est
302 1557 311 1584 ,
322 1526 361 1572 cui
374 1523 450 1573 fuerat
460 1519 574 1587 promissa
583 1527 692 1588 potentie
701 1538 780 1571 rerum
790 1526 800 1571 l

221 1601 343 1667 luppiter,
358 1594 419 1651 hs‘nc
431 1605 498 1651 terris
508 1604 664 1666 impositurus
672 1607 739 1652 erasi
908 1603 953 1653 360

187 1678 288 1745 Jamque
300 1679 450 1730 suburbanos
463 1714 471 1738 ,
483 1678 645 1744 Hetruseaque
654 1677 765 1729 contudit
774 1696 853 1729 arma:

220 1758 276 1821 Spes
293 1759 378 1807 eratin
389 1759 457 1807 cursu
470 1776 475 1803 =
488 1773 551 1807 nune
564 1758 622 1807 Late
630 1758 698 1823 pulsa
708 1760 751 1806 suo
761 1757 803 1808 eli.

185 1832 300 1884 Vidimus
315 1850 429 1895 ornatos,
440 1833 512 1885 serata
521 1852 563 1901 per
574 1836 634 1885 atris
644 1869 652 1894 ,
664 1836 728 1899 pius

218 1912 306 1975 veste,
324 1912 479 1979 triumphales
489 1909 707 1963 occubuiffesmes.

181 1989 298 2043 Vidimus
306 1991 385 2049 Iliaeae
398 1992 519 2041 transferri
530 1994 631 2056 pignora
639 1991 714 2049 Velle
761 1996 770 2026 ί
789 1978 793 1985 ’
906 1997 949 2049 355

219 2070 278 2123 Sede
289 2085 390 2137 :dourenr
399 2070 493 2137 aliquos
500 2070 592 2119 scilicet
603 2066 649 2119 effe
659 2069 743 2120 Deosi

183 2150 218 2201 Ar
227 2152 246 2199 si
253 2151 394 2216 respicerent
404 2184 413 2209 ‚
425 2148 473 2215 qui
483 2165 526 2199 vos
537 2149 650 2197 habitatis
659 2151 687 2197 in
696 2164 749 2198 arce
760 2182 769 2208 ,

217 2229 315 2295 Totque
326 2226 413 2279 domos
431 2228 515 2277 vestras
525 2225 652 2278 obsidione
664 2229 741 2291 premi
751 2244 761 2285 5

182 2305 227 2359 Nil
239 2310 291 2372 opis
308 2310 334 2355 in
347 2322 403 2355 cura
413 2308 501 2355 seirent
515 2302 630 2371 supereffe
638 2304 747 2356 Deorum
755 2338 764 2364 ‚

162 2436 164 2441 ,
215 2382 565 2449 Etdatasolr'sitituraperire
578 2398 660 2431 manu.
903 2391 949 2436 370

178 2464 260 2530 Atque
270 2467 361 2513 urinam
373 2477 459 2527 pugne
470 2476 550 2526 pateat
560 2460 642 2511 locus!
654 2455 865 2523 armacapeffent3

214 2542 266 2602 Et,
285 2544 304 2591 si
318 2557 368 2589 non
378 2554 492 2604 poterunt
501 2540 658 2607 exsuperare,
675 2534 773 2587 cadant.

180 2619 253 2672 Nunc
269 2622 353 2685 inopes
362 2616 457 2671 riuis,
475 2620 609 2684 ignavaque
622 2616 826 2691 interimentes„

212 2698 299 2747 Monte
311 2698 353 2745 suo
364 2695 455 2745 clausos
463 2695 560 2743 barbara
571 2695 640 2746 turba
653 2694 750 2759 premit.

178 2776 245 2825 Tum
252 2773 354 2833 Venus,
369 2777 393 2823 δι
408 2770 470 2822 lituo
480 2772 579 2837 pulcher
591 2771 719 2835 trabesque
728 2768 860 2830 Quirinus,
898 2785 941 2834 375

214 2854 332 2920 Vestaque
339 2845 386 2919 pro
397 2850 466 2900 Latio
477 2849 556 2899 multa
565 2849 647 2899 locuta
656 2850 708 2897 suo.

176 2931 298 2991 Publica,
314 2926 453 2995 respondit,
471 2945 527 2979 cura
539 2927 571 2977 est
581 2944 626 2994 pro
637 2925 758 2976 moenibus
771 2925 835 2985 istis,
877 2980 879 2984 y

208 3010 315 3074 luppiter
325 3025 334 3056 's
349 3012 373 3057 δι
382 3024 464 3073 poenas
474 3006 554 3057 Gallia
563 3007 625 3054 vilia
635 3004 711 3055 dabit.

175 3088 215 3139 Tu
230 3084 306 3141 modo
318 3102 392 3153 ,qne
405 3084 489 3137 desunt
500 3085 593 3149 fruges,
604 3080 858 3213 supereffegutentur,

751 3178 776 3227 rr,
