2334 3917
267 403 331 486 318
408 400 450 467 P.
477 402 844 471 OrrnrrNAsours

295 522 339 569 Per
351 535 484 587 numquam
502 520 585 572 surdos
603 526 629 573 in
647 538 689 574 tua
705 540 763 574 vota
778 523 865 580 Deest

262 598 351 663 Perque
371 600 417 647 tori
434 600 541 657 sociam,
561 618 615 668 quae
634 620 677 669 par
692 604 736 652 tibi
754 602 805 651 sola
822 612 916 667 reperta
931 596 983 656 eu,

217 701 246 745 ,ο
300 676 329 725 Et
346 679 384 726 cui
406 678 514 743 majestas
536 696 587 729 nou
605 683 705 729 onerosa
720 696 761 731 tua
778 680 827 739 estc

263 756 352 821 Perque
374 756 419 805 tibi
436 758 540 807 similem
556 761 652 808 virtutis
667 762 772 825 imagine
788 773 890 811 uatum.

294 832 405 882 Moribus
426 834 523 899 agnosci
542 838 583 901 qui
600 850 653 885 tuus
668 832 715 885 eise
731 835 826 902 potest3

262 911 353 979 Perque
363 926 417 961 tuor
428 912 467 964 vel
482 929 528 963 avo
537 912 577 964 vei
588 911 674 979 dignos
686 928 752 979 patre
765 927 883 978 nepotes,

295 989 344 1051 Qui
355 994 455 1041 veniunt
470 1006 559 1056 magno
570 1008 611 1059 pet
622 1007 663 1041 tua
673 1007 731 1042 vota
741 989 834 1057 gradut

217 1090 243 1135 35
263 1067 331 1119 Parte
349 1067 403 1121 leva
417 1069 519 1119 minimi
534 1070 624 1122 nostras
640 1073 664 1120 ot
679 1072 795 1121 contrahe
808 1084 909 1135 potum

296 1145 401 1213 Daque,
416 1146 501 1211 procul
517 1148 630 1210 Scythico
647 1150 690 1213 qui
704 1150 735 1197 eit
749 1148 780 1196 ab
795 1146 876 1205 hoste,
889 1146 982 1194 locum.

264 1222 295 1273 Et
306 1236 360 1285 tua,
371 1226 391 1274 si
402 1223 437 1275 far
448 1224 496 1285 eu,
508 1240 522 1274 a
533 1223 628 1276 cesare
637 1223 849 1291 proximetur,

298 1301 405 1352 Numina
416 1304 465 1352 sint
474 1304 582 1368 precibus
592 1318 642 1353 non
653 1306 753 1353 inimica
765 1305 834 1352 meis.

264 1378 302 1426 Sic
318 1375 368 1426 fera
382 1376 458 1443 quaint
474 1377 580 1441 primurn
596 1377 686 1443 pavido
702 1380 831 1429 Germania
847 1376 919 1429 vultu

215 1475 248 1519 40
296 1454 358 1507 Ante
377 1457 549 1519 triumphanter
566 1458 632 1508 serva
647 1457 737 1509 fetatur
749 1472 832 1523 equos.
892 1486 897 1489 -

264 1532 303 1582 Sic
315 1535 419 1599 paterio
431 1533 528 1596 Pylios,
545 1532 659 1587 Cumaeoa
674 1550 752 1586 mater
768 1539 795 1588 iu
815 1550 890 1586 annor

297 1612 407 1671 Vivant3
426 1616 451 1663 oc
470 1616 543 1679 porris
560 1612 624 1663 filius
640 1612 686 1664 effe
702 1613 752 1665 diu.

266 1690 305 1739 Tu
322 1706 438 1757 quoqne,
455 1695 599 1742 convenient
615 1695 708 1758 ingenti
722 1706 798 1759 nupta
815 1692 924 1750 marito,

298 1769 386 1837 Accipe
397 1786 448 1820 non
461 1768 522 1820 duri
536 1770 649 1837 supplicis
666 1786 722 1821 aute
738 1786 828 1837 pretet.

216 1870 244 1919 ⁴5
265 1848 303 1897 Sic
324 1849 368 1898 tibi
384 1851 421 1900 vir
435 1850 529 1915 sospes,
541 1852 575 1899 ric
594 1852 643 1900 tint
658 1866 715 1900 cum
731 1849 799 1915 prole
814 1861 931 1911 nepotes,

299 1926 413 1993 Cumque
430 1928 500 1977 bonis
518 1928 617 1978 nuribus
634 1944 692 1995 quas
706 1942 817 1994 peperere
834 1939 916 1974 nurus.

266 2007 322 2065 Sic,
341 2022 414 2071 quem
430 2003 481 2054 dira
497 2008 542 2055 tibi
559 2010 639 2071 rapuit
656 2007 806 2065 Germania,
827 2002 918 2053 Drusus

298 2084 353 2132 Pars
368 2083 441 2132 fuerit
453 2083 534 2148 partis
549 2085 601 2135 sola
618 2082 708 2135 caduca
724 2087 769 2134 tui.

265 2162 303 2211 Sic
325 2164 368 2211 tibi
387 2162 465 2211 Marte
480 2162 541 2223 suo,
559 2162 658 2213 fraterni
674 2163 763 2213 funeris
779 2160 864 2224 ultor,

219 2264 248 2307 ,ο
299 2240 430 2305 Purpureus
448 2241 522 2289 niveis
541 2238 693 2308 filiuapinstet
711 2243 788 2307 equis.

265 2318 370 2368 :innuite
384 2318 419 2371 o!
438 2317 530 2369 timidis
546 2321 674 2369 mitissima
687 2319 790 2369 numina
801 2319 886 2369 votise

299 2398 424 2449 Praesentes
440 2395 532 2464 aliquid
549 2401 625 2462 prosit
640 2398 726 2447 habere
742 2398 827 2447 Deos!

266 2474 367 2526 Caesaris
384 2475 504 2536 adventu,
527 2476 579 2527 toti
597 2472 717 2541 gladiator
733 2475 806 2525 areni

299 2554 374 2614 Exitt
397 2555 554 2605 &auxilium
572 2570 623 2604 non
637 2554 689 2605 leve
707 2555 788 2606 vuitus
806 2552 886 2602 habet.

220 2644 246 2690 55
268 2632 319 2682 Nos
328 2650 424 2700 quoque
435 2632 509 2684 vestra
520 2637 587 2699 juvet
598 2631 675 2699 quod,
682 2632 730 2699 qui
739 2632 806 2691 licet,
815 2626 985 2681 orauidemuai

299 2712 390 2762 Iuttata
401 2713 432 2763 est
444 2715 536 2777 Superis
546 2709 711 2778 qtroddomut
727 2726 774 2758 una
787 2710 873 2758 tribur.

267 2792 356 2841 Felices
368 2790 421 2841 illi!
438 2794 539 2856 quinon
552 2790 693 2844 simulacra,
705 2787 746 2838 sed
757 2790 837 2853 ipsos,

300 2870 395 2935 Quique
413 2869 493 2918 Derim
511 2885 593 2918 coram
609 2884 710 2933 corpora
727 2883 784 2915 vera
796 2863 890 2916 vident.

267 2946 341 3009 Quod
352 2950 467 3015 quoniam
477 2948 546 2996 nobie
557 2945 646 2996 invidit
659 2945 744 2995 inutile
759 2944 855 3001 fatum3

220 3028 251 3071 ⁶0
302 3026 369 3086 Quos
380 3024 447 3076 dedit
461 3042 496 3075 arr
508 3027 585 3085 votis,
598 3022 764 3091 effigiemque,
784 3021 850 3071 colo.

269 3106 307 3153 Sic
320 3106 431 3154 homines
440 3119 528 3156 novere
539 3102 625 3167 Deos,
642 3118 703 3170 quor
715 3098 802 3152 arduus
814 3101 887 3151 aethet
