2334 3917
273 369 344 426 226
413 359 852 428 Romnnnfnsome

306 481 380 530 Triste
391 495 461 545 caput
472 478 572 546 pedibus
588 477 732 546 supposuisse
744 481 827 530 Ducis.

271 560 327 608 llec
342 560 401 607 mihi
412 562 454 623 qui
466 558 569 617 referet,
590 575 641 624 quae
652 575 700 607 non
712 551 796 607 vidisse
808 558 896 608 dolebo
910 562 920 620 3

224 644 254 688 10
302 635 346 684 llle
356 652 415 685 meae
427 635 511 684 domui
521 641 630 701 protinus
642 640 725 702 hospes
736 639 788 686 erit.
943 696 945 699 ¹

271 713 316 762 slei
333 716 394 762 mibi
405 714 411 762 Ξ
432 719 513 779 jamne
522 713 609 763 domus
620 717 732 776 Scythico
743 715 845 764 Nasonis
858 717 882 764 in
894 717 953 764 orbe
964 719 974 766 i

302 793 403 858 lamque
413 795 482 840 suum
499 795 558 841 mihi
571 791 613 841 dat
623 810 666 857 pro
679 793 736 841 Late
747 809 817 857 poena
828 792 932 846 locum?

270 867 306 919 Di
323 871 429 924 faciant,
442 870 521 922 Caesar
533 887 584 920 non
595 869 634 919 hic
645 871 764 935 penetrale
776 871 945 936 domumque,

272 1005 277 1015 1
304 949 442 1014 Hospitium
453 965 529 1014 poenae
541 947 581 998 sed
591 949 650 999 velit
662 946 708 998 esse
724 965 793 997 mee.

289 1128 329 1168 ς,
340 1152 372 1161 .-
552 1106 705 1178 ιιι-ψ
949 1125 970 1164 s

410 1252 672 1314 ELEGIA¹
703 1250 846 1312 XIII.

272 1338 384 1462 Eoos
395 1415 569 1478 supervacuus,
587 1412 646 1480 quid
661 1416 725 1463 enim
737 1411 783 1462 fuit
794 1411 853 1460 utile
864 1412 930 1475 gigni
942 1411 954 1458 Ξ

305 1488 343 1538 nd
361 1491 401 1538 sua
417 1489 503 1540 natalis
514 1506 622 1556 tempora
633 1491 710 1540 noster
720 1485 792 1540 adest.
855 1529 857 1532 .

272 1567 355 1628 Dure,
372 1567 432 1634 quid
442 1566 472 1618 ad
481 1571 579 1618 miseros
587 1571 695 1618 veniebas
707 1567 791 1616 exsulis
802 1581 875 1615 annos
887 1569 898 1615 ἓ

304 1635 426 1697 Debueras
438 1648 487 1696 illis
499 1645 637 1711 imposuisse
655 1644 765 1695 modum.

243 1723 254 1767 5
273 1725 298 1773 si
313 1726 357 1773 tibi
369 1741 424 1774 cura
434 1729 499 1783 mei,
511 1725 549 1775 vel
563 1729 582 1773 si
593 1722 670 1788 pudor
680 1724 741 1772 ullus
751 1719 852 1780 ineffer;

306 1801 364 1851 Non
374 1803 442 1852 ultra·
447 1806 547 1868 patriam
558 1819 598 1852 me
611 1805 730 1866 sequerere
740 1817 827 1849 meam.

274 1879 376 1945 Quoque
387 1880 443 1929 loco
451 1881 555 1946 primum
567 1883 610 1929 tibi
622 1883 672 1928 sum
683 1877 745 1928 mal&
753 1879 861 1941 cognitus
872 1874 971 1935 infans,

306 1956 353 2006 lllo
368 1957 476 2007 tentasses
487 1959 588 2009 ultimus
599 1957 645 2008 esse
656 1960 724 2007 mihi.

273 2035 373 2100 Jamque
384 2036 552 2102 relinquendi,
570 2036 637 2103 quod
647 2035 711 2086 idem
724 2035 799 2084 fecere
809 2029 919 2088 sodales,

228 2120 256 2151 ¹0
304 2112 343 2161 Tu
360 2129 456 2180 quoque
468 2112 561 2162 dixisses
573 2116 642 2163 tristis
652 2119 677 2163 in
688 2113 768 2171 Urbe,
782 2111 849 2160 Vale.

273 2186 339 2248 Quid
350 2191 393 2238 tibi
405 2207 460 2240 cum
472 2192 550 2241 Ponto
561 2196 570 2240 Ξ
590 2209 647 2241 num
659 2207 681 2241 te
692 2207 787 2257 quoque
798 2187 896 2238 Caesaris
907 2187 944 2234 ita

305 2265 440 2317 Extremam
452 2268 526 2334 gelidi
537 2273 604 2318 misit
614 2273 639 2318 in
649 2271 713 2318 orbis
725 2271 824 2317 humum
836 2268 845 2312 Ξ

272 2343 368 2393 Scilicet
379 2347 493 2412 exspesles
507 2348 571 2396 soliti
581 2349 625 2396 tibi
635 2351 709 2396 moris
721 2349 855 2398 honorem,

305 2421 408 2472 Pendeat
423 2441 451 2472 ex
466 2427 570 2474 humeris
579 2425 650 2476 vestis,
658 2439 685 2474 ut
696 2424 749 2473 alba
759 2425 826 2472 meis.

227 2510 251 2550 ¹5
272 2497 373 2550 Fumida
388 2503 496 2567 cingatur
510 2503 650 2552 florentibus
665 2519 703 2552 ata
714 2505 818 2550 coronis.
860 2531 865 2538 -

304 2578 416 2645 Micaque
431 2581 541 2631 sollemni
554 2586 611 2631 turis
623 2585 647 2630 in
659 2583 713 2646 igne
726 2582 801 2628 sonet.

241 2659 244 2665 '
271 2655 377 2721 Libaque
389 2656 444 2706 dem
459 2660 502 2724 ¹pru
513 2677 569 2720 me,
588 2659 690 2724 genitale
702 2660 810 2706 notantia
822 2671 936 2722 tempus,

305 2731 499 2802 Concipiamque
514 2733 588 2786 b'onas
600 2754 640 2785 ote
659 2737 752 2786 favente
763 2751 842 2798 preces

271 2808 329 2858 Non
340 2813 373 2860 ita
383 2814 435 2861 sum
446 2817 554 2878 positus,
567 2830 611 2863 nec
622 2816 677 2863 sunt
691 2829 717 2862 ea
733 2827 841 2876 tempora
854 2813 942 2872 nobis,

225 2902 255 2932 20
304 2884 414 2938 Adventu
424 2894 513 2954 possim
526 2889 593 2940 letus
604 2903 630 2938 ut
646 2887 691 2938 eise
703 2903 754 2938 tuo.

271 2958 368 3008 Funeris
379 2979 417 3010 ara
426 2965 503 3024 mihi,
520 2963 588 3012 serali
603 2964 677 3012 einsia
689 2956 814 3026 cupresso,

303 3035 442 3101 Convenit,
458 3043 482 3090 et
494 3041 583 3091 strubis
594 3037 692 3090 flatrum
702 3040 866 3106 paratarogie.
